4752 6020
1338 585 1467 683 (96)

703 735 985 833 Euphorbiaccis
1019 734 1249 818 concordat,
1288 735 1373 808 clun
1408 736 1643 826 lereomnes
1678 735 1757 810 aliae
1788 748 1907 832 partes
1937 739 2107 811 innocuo

706 859 906 932 videantur.

1283 999 1527 1050 rnnunurrrus.

754 1199 797 1269 P.
834 1192 1127 1290 titbymaloilles,
1154 1196 1272 1266 frutex
1303 1195 1523 1278 antillanus,
1554 1198 1617 1290 qui
1644 1196 1750 1290 vulgo
1780 1195 1999 1266 Dr'ctamnus
2029 1195 2111 1265 real

705 1317 985 1391 Haranensium.
1012 1315 1089 1411 (Er
1102 1314 1237 1386 Humb.
1252 1315 1325 1411 )-
1344 1347 1357 1378 ι
1373 1315 1456 1388 Haec
1470 1317 1593 1413 planta
1611 1317 1782 1388 omnibus
1798 1318 1977 1412 partibus,
1993 1316 2107 1390 lacteo

711 1467 724 1505 r
752 1443 824 1512 acri
844 1453 878 1510 et
895 1441 1083 1510 vellicante
1101 1461 1209 1509 succo
1228 1421 1482 1533 impraegnata{
1502 1439 1598 1510 brcri
1616 1441 1788 1512 vesiculas
1806 1443 1844 1510 in
1860 1453 1941 1512 cute
1954 1442 2107 1512 excitare

711 1589 724 1624 ι
751 1562 866 1644 valet,
886 1561 935 1630 ita
958 1572 998 1630 ut
1024 1583 1134 1629 usum
1160 1561 1398 1632 intrinsecum
1420 1562 1540 1654 generi
1561 1558 1725 1630 humano
1749 1563 1920 1631 nocivum
1938 1583 2013 1632 esse
2031 1583 2109 1632 cre-

710 1711 723 1746 «
752 1682 917 1754 diderim.
942 1713 954 1746 r
976 1679 1179 1778 (Commel.
1199 1705 1227 1752 r.
1240 1683 1299 1752 31.
1315 1681 1414 1778 )--«
1429 1683 1566 1753 Plantae
1581 1685 1714 1768 totino,
1728 1685 1907 1777 praecipu‘e
1925 1681 2106 1767 caulium,

711 1835 724 1870 ι
752 1817 955 1877 saturatum
977 1803 1167 1876 decoctum
1191 1805 1211 1876 a
1230 1803 1381 1876 medicis
1399 1805 1710 1878 curacaviensibus
1733 1828 1799 1904 pro
1820 1817 1910 1900 potu
1929 1805 2109 1877 ordinario
2168 1823 2174 1832 '

711 1955 724 1993 r
752 1928 903 2025 dosique
922 1927 1107 1998 arbitrarit
1126 1926 1368 2027 praescribitur
1382 1926 1443 1999 lue
1461 1933 1611 1998 venereo
1628 1927 1888 1999 laborantibus.
1911 1926 2050 2000 Eodem
2069 1931 2109 2000 in

710 2081 724 2117 ι
752 2051 972 2123 Continente
1002 2062 1158 2121 utuntur
1189 2049 1411 2120 Americanae
1439 2050 1478 2118 in
1508 2061 1779 2121 menstruorum
1799 2051 2103 2144 suppressione.»

705 2171 830 2269 (Jaeq.
853 2173 971 2244 Amor.
1004 2171 1112 2266 150.)
1139 2211 1186 2223 —
1212 2171 1363 2242 Poiteau
1388 2169 1496 2241 refert
1522 2171 1688 2244 eamdem
1708 2176 1817 2243 etiam
1836 2169 1932 2266 apud
1953 2170 2109 2243 Domin-

702 2317 828 2392 genscs
846 2295 914 2367 sub
932 2296 1080 2368 nomine
1099 2291 1374 2390 Ipecueuanlrae
1395 2307 1542 2380 notam,
1568 2294 1630 2366 scd
1649 2297 1726 2392 ejus
1743 2319 1852 2370 usum
1871 2319 1946 2368 non
1968 2295 2108 2394 abipso

703 2417 944 2492 observatum.

1276 2562 1532 2614 rnrttsurnus.

751 2763 962 2858 Reburri,
986 2762 1096 2835 herba
1121 2760 1254 2834 indica.
1277 2801 1326 2816 -
1345 2763 1443 2834 Folia
1467 2763 1588 2834 inlusa
1612 2751 2113 2859 medicamentum'praebent

702 2889 798 2960 inter
824 2886 996 2958 diuretica
1017 2889 1342 2983 potentissimum,
1371 2907 1414 2957 ex
1440 2883 1640 2958 Commers.
1670 2909 1756 2958 mss.
1788 2885 1894 2973 Quod
1922 2887 2113 2960 confirmat

703 3007 873 3080 Loureiro
900 3005 1010 3104 (666.
1027 3007 1067 3104 ),
1092 3031 1164 3104 quo
1184 3020 1296 3093 teste,
1333 3009 1506 3080 «urinam
1533 3021 1569 3079 et
1594 3031 1739 3080 menses
1760 3021 1908 3094 moret,
1937 3033 2003 3081 nec
2027 3012 2111 3083 satis

612 3151 616 3166 '
712 3161 725 3196 ι
755 3133 846 3204 tuto.
872 3163 884 3198 ι

750 3255 799 3328 Ρ.
830 3255 1028 3349 urinaria,
1058 3253 1170 3325 herba
1196 3252 1328 3325 indica.
1359 3295 1407 3309 ··-
1441 3253 1594 3328 «Virtus
1620 3260 1731 3328 totius
1757 3253 1879 3328 herbae
1907 3255 2110 3344 diuretica,

711 3411 725 3447 e
753 3400 1025 3474 emmenagoga.
1050 3409 1063 3443 ι
1093 3377 1106 3460 l
1119 3377 1226 3447 Lour.
1249 3377 1364 3474 677.)

751 3505 800 3576 P.
826 3505 995 3594 conamt‘,
1023 3504 1140 3572 frutex
1168 3504 1407 3573 americanus.
1437 3541 1486 3556 -
1508 3501 1632 3573 Remis
1658 3503 1735 3597 ejus
1760 3471 1926 3597 foliisque
1951 3505 2112 3575 contusis

704 3632 815 3726 inque
833 3649 944 3724 aquas
962 3625 1102 3720 iniectis
1120 3625 1236 3717 pisces
1254 3624 1490 3698 inebriantur.
1518 3621 1649 3716 (Aubl.
1672 3622 1784 3722 928.)
1803 3623 1810 3646 '

752 3751 800 3822 P.
822 3755 949 3821 vriosa
961 3802 976 3842 ‚
998 3746 1131 3820 indica.
1153 3783 1202 3798 -
1225 3745 1365 3818 Nomen
1383 3748 1456 3816 rim
1480 3742 1638 3824 indicat,
1664 3769 1744 3841 quae
1763 3757 1803 3816 ut
1819 3746 2054 3841 praecedentis
2071 3749 2112 3818 in

705 3897 772 3945 usu
788 3886 852 3943 est.
878 3903 891 3936 ι
908 3871 1039 3944 Cortex
1053 3874 1154 3942 enim
1168 3871 1280 3966 quam
1293 3870 1453 3943 maxime
1468 3871 1691 3964 astringens,
1706 3869 1865 3968 piscibus
1878 3872 2070 3944 obnoxius.
2089 3901 2103 3940 ι

708 3993 837 4091 (Klein
856 3996 893 4065 in
910 3993 966 4070 W·
983 3993 997 4091 )

753 4171 1018 4242 Nrrrrrrrnrnus
1040 4168 1189 4270 spicomi
1203 4166 1277 4237 olia
1294 4166 1402 4240 Lour.
1424 4220 1433 4254 ,
1453 4168 1558 4241 arbor
1575 4166 1916 4254 cochinchinensis,
1938 4191 2112 4268 quaespe·

706 4293 776 4363 cies
796 4287 1029 4384 Phyllunthi,
1058 4289 1077 4358 a
1103 4289 1364 4383 congeneribus
1389 4289 1562 4384 operandi
1588 4289 1699 4358 modo
1726 4289 1865 4360 differre
1888 4290 2054 4374 ridetur,
2081 4294 2112 4362 si

705 4412 794 4484 fides
808 4413 977 4482 Loureiro
1000 4408 1141 4508 (664),
1165 4435 1208 4481 ex
1223 4419 1317 4506 qu'o,
1341 4411 1560 4492 «loliorum,
1582 4410 1712 4480 llorum
1731 4423 1766 4480 et
1789 4411 1974 4482 fructuum
1998 4413 2108 4487 virtus

714 4534 961 4617 «resolvens,
989 4532 1210 4615 emolliens,
1244 4531 1412 4602 anodina.
1445 4531 1536 4602 Usus
1565 4533 1764 4624 praesertlm
1795 4533 1833 4602 in
1860 4532 2110 4610 allectionibus

710 4681 729 4738 ,ι
755 4655 938 4758 pectoris,
957 4676 1086 4727 renum
1105 4668 1140 4726 et
1157 4654 1294 4726 vesicae.
1320 4683 1333 4718 ι
