<?xml version="1.0" encoding="UTF-8"?>
<!DOCTYPE html PUBLIC "-//W3C//DTD XHTML 1.0 Transitional//EN"
    "http://www.w3.org/TR/xhtml1/DTD/xhtml1-transitional.dtd">
<html xmlns="http://www.w3.org/1999/xhtml" xml:lang="en" lang="en">
 <head>
  <title>
</title>
<meta http-equiv="Content-Type" content="text/html;charset=utf-8" />
  <meta name='ocr-system' content='tesseract 3.04.00' />
  <meta name='ocr-capabilities' content='ocr_page ocr_carea ocr_par ocr_line ocrx_word'/>
</head>
<body>
  <div class='ocr_page' id='page_1' title='image "./deeuphorbiacear00jussgoog_0011.png"; bbox 0 0 4756 6014; ppageno 0'>
   <div class='ocr_carea' id='block_1_1' title="bbox 638 601 2102 4537">
    <p class='ocr_par' dir='ltr' id='par_1_1' title="bbox 1297 601 1402 701">
     <span class='ocr_line' id='line_1_1' title="bbox 1297 601 1402 701; baseline 0.01 -1"><span class='ocrx_word' id='word_1_1' title='bbox 1297 601 1402 701; x_wconf 83' lang='grc'>(6)</span> 
     </span>
    </p>

    <p class='ocr_par' dir='ltr' id='par_1_2' title="bbox 640 753 2102 1712">
     <span class='ocr_line' id='line_1_2' title="bbox 643 753 2031 857; baseline 0.004 -33"><span class='ocrx_word' id='word_1_2' title='bbox 643 755 730 850; x_wconf 82' lang='lat' dir='ltr'>priae</span> <span class='ocrx_word' id='word_1_3' title='bbox 748 755 977 849; x_wconf 70' lang='lat' dir='ltr'>experientia</span> <span class='ocrx_word' id='word_1_4' title='bbox 995 755 1153 824; x_wconf 84' lang='lat' dir='ltr'>innixus.</span> <span class='ocrx_word' id='word_1_5' title='bbox 1177 753 1352 826; x_wconf 78' lang='lat' dir='ltr'><strong>Inusitata</strong></span> <span class='ocrx_word' id='word_1_6' title='bbox 1372 759 1470 826; x_wconf 89' lang='lat' dir='ltr'>enim</span> <span class='ocrx_word' id='word_1_7' title='bbox 1485 758 1750 831; x_wconf 88' lang='lat' dir='ltr'>medicamenta</span> <span class='ocrx_word' id='word_1_8' title='bbox 1769 761 1955 857; x_wconf 79' lang='lat' dir='ltr'>explorent</span> <span class='ocrx_word' id='word_1_9' title='bbox 1969 772 2031 830; x_wconf 90' lang='lat' dir='ltr'>tan</span> 
     </span>
     <span class='ocr_line' id='line_1_3' title="bbox 646 877 2052 980; baseline 0.004 -32"><span class='ocrx_word' id='word_1_10' title='bbox 646 877 723 948; x_wconf 81' lang='lat' dir='ltr'>tiam</span> <span class='ocrx_word' id='word_1_11' title='bbox 745 881 807 949; x_wconf 88' lang='lat' dir='ltr'>viri</span> <span class='ocrx_word' id='word_1_12' title='bbox 825 881 1172 950; x_wconf 89' lang='lat' dir='ltr'>consummatissimi</span> <span class='ocrx_word' id='word_1_13' title='bbox 1197 903 1207 947; x_wconf 79' lang='lat' dir='ltr'>a</span> <span class='ocrx_word' id='word_1_14' title='bbox 1233 877 1338 950; x_wconf 93' lang='lat' dir='ltr'>nobis</span> <span class='ocrx_word' id='word_1_15' title='bbox 1362 893 1484 952; x_wconf 89' lang='lat' dir='ltr'>autem</span> <span class='ocrx_word' id='word_1_16' title='bbox 1503 883 1692 975; x_wconf 77' lang='lat' dir='ltr'><strong>tyronibus</strong></span> <span class='ocrx_word' id='word_1_17' title='bbox 1715 887 1916 980; x_wconf 92' lang='lat' dir='ltr'>periculum</span> <span class='ocrx_word' id='word_1_18' title='bbox 1937 886 2052 955; x_wconf 86' lang='lat' dir='ltr'>facere</span> 
     </span>
     <span class='ocr_line' id='line_1_4' title="bbox 645 981 2052 1102; baseline 0.004 -32"><span class='ocrx_word' id='word_1_19' title='bbox 645 1024 719 1071; x_wconf 92' lang='lat' dir='ltr'>non</span> <span class='ocrx_word' id='word_1_20' title='bbox 738 1003 848 1086; x_wconf 90' lang='lat' dir='ltr'>licet,</span> <span class='ocrx_word' id='word_1_21' title='bbox 867 1001 928 1074; x_wconf 84' lang='lat' dir='ltr'>sed</span> <span class='ocrx_word' id='word_1_22' title='bbox 948 1001 1009 1074; x_wconf 82' lang='lat' dir='ltr'>diu</span> <span class='ocrx_word' id='word_1_23' title='bbox 1028 1003 1144 1071; x_wconf 89' lang='lat' dir='ltr'>aliena</span> <span class='ocrx_word' id='word_1_24' title='bbox 1162 1003 1307 1095; x_wconf 80' lang='lat' dir='ltr'>vestigia</span> <span class='ocrx_word' id='word_1_25' title='bbox 1327 1005 1428 1098; x_wconf 91' lang='lat' dir='ltr'>sequi</span> <span class='ocrx_word' id='word_1_26' title='bbox 1447 1004 1617 1090; x_wconf 78' lang='lat' dir='ltr'>tantum,</span> <span class='ocrx_word' id='word_1_27' title='bbox 1641 981 1837 1102; x_wconf 79' lang='lat' dir='ltr'>antequlm</span> <span class='ocrx_word' id='word_1_28' title='bbox 1856 1011 1923 1102; x_wconf 90' lang='lat' dir='ltr'>ipsi</span> <span class='ocrx_word' id='word_1_29' title='bbox 1943 1009 2052 1098; x_wconf 84' lang='lat' dir='ltr'>longo</span> 
     </span>
     <span class='ocr_line' id='line_1_5' title="bbox 644 1123 2053 1222; baseline 0.002 -29"><span class='ocrx_word' id='word_1_30' title='bbox 644 1123 767 1196; x_wconf 91' lang='lat' dir='ltr'>labore</span> <span class='ocrx_word' id='word_1_31' title='bbox 788 1137 896 1222; x_wconf 87' lang='lat' dir='ltr'>atque</span> <span class='ocrx_word' id='word_1_32' title='bbox 917 1147 982 1195; x_wconf 93' lang='lat' dir='ltr'>usu</span> <span class='ocrx_word' id='word_1_33' title='bbox 1002 1124 1121 1194; x_wconf 80' lang='lat' dir='ltr'>edocti</span> <span class='ocrx_word' id='word_1_34' title='bbox 1147 1123 1256 1196; x_wconf 83' lang='lat' dir='ltr'>duces</span> <span class='ocrx_word' id='word_1_35' title='bbox 1283 1123 1360 1194; x_wconf 90' lang='lat' dir='ltr'>aliis</span> <span class='ocrx_word' id='word_1_36' title='bbox 1384 1125 1459 1196; x_wconf 86' lang='lat' dir='ltr'>licri</span> <span class='ocrx_word' id='word_1_37' title='bbox 1478 1139 1671 1221; x_wconf 79' lang='lat' dir='ltr'>possimus.</span> <span class='ocrx_word' id='word_1_38' title='bbox 1694 1127 1922 1215; x_wconf 87' lang='lat' dir='ltr'>Quarrtulirm</span> <span class='ocrx_word' id='word_1_39' title='bbox 1944 1131 2053 1222; x_wconf 82' lang='lat' dir='ltr'>igitur</span> 
     </span>
     <span class='ocr_line' id='line_1_6' title="bbox 642 1220 2053 1346; baseline 0.002 -30"><span class='ocrx_word' id='word_1_40' title='bbox 642 1245 680 1316; x_wconf 90' lang='lat' dir='ltr'>in</span> <span class='ocrx_word' id='word_1_41' title='bbox 703 1220 762 1318; x_wconf 83' lang='lat' dir='ltr'>me</span> <span class='ocrx_word' id='word_1_42' title='bbox 791 1249 881 1330; x_wconf 85' lang='lat' dir='ltr'>luit,</span> <span class='ocrx_word' id='word_1_43' title='bbox 910 1249 1002 1328; x_wconf 87' lang='lat' dir='ltr'>leei;</span> <span class='ocrx_word' id='word_1_44' title='bbox 1022 1245 1131 1317; x_wconf 90' lang='lat' dir='ltr'>libros</span> <span class='ocrx_word' id='word_1_45' title='bbox 1152 1245 1379 1318; x_wconf 87' lang='lat' dir='ltr'>medicorum</span> <span class='ocrx_word' id='word_1_46' title='bbox 1404 1260 1607 1320; x_wconf 89' lang='lat' dir='ltr'>nostratum</span> <span class='ocrx_word' id='word_1_47' title='bbox 1634 1263 1911 1346; x_wconf 83' lang='lat' dir='ltr'>exterorumque</span> <span class='ocrx_word' id='word_1_48' title='bbox 1927 1301 1939 1334; x_wconf 96' lang='lat'>,</span> <span class='ocrx_word' id='word_1_49' title='bbox 1958 1252 2053 1320; x_wconf 89' lang='lat' dir='ltr'>sicut</span> 
     </span>
     <span class='ocr_line' id='line_1_7' title="bbox 642 1367 2052 1467; baseline 0.006 -31"><span class='ocrx_word' id='word_1_50' title='bbox 642 1377 677 1436; x_wconf 85' lang='lat' dir='ltr'>ct</span> <span class='ocrx_word' id='word_1_51' title='bbox 694 1369 1004 1463; x_wconf 81' lang='lat' dir='ltr'>peregrinatorum</span> <span class='ocrx_word' id='word_1_52' title='bbox 1024 1369 1086 1464; x_wconf 94' lang='lat' dir='ltr'>qui</span> <span class='ocrx_word' id='word_1_53' title='bbox 1105 1367 1148 1438; x_wconf 92' lang='lat' dir='ltr'>de</span> <span class='ocrx_word' id='word_1_54' title='bbox 1167 1367 1316 1438; x_wconf 73' lang='lat' dir='ltr'>historia</span> <span class='ocrx_word' id='word_1_55' title='bbox 1332 1371 1487 1440; x_wconf 90' lang='lat' dir='ltr'>naturali</span> <span class='ocrx_word' id='word_1_56' title='bbox 1505 1375 1748 1467; x_wconf 88' lang='lat' dir='ltr'>scripserunt,</span> <span class='ocrx_word' id='word_1_57' title='bbox 1767 1371 1903 1455; x_wconf 71' lang='lat' dir='ltr'>evolria</span> <span class='ocrx_word' id='word_1_58' title='bbox 1926 1371 2052 1445; x_wconf 85' lang='lat' dir='ltr'>scduld</span> 
     </span>
     <span class='ocr_line' id='line_1_8' title="bbox 642 1487 2102 1589; baseline 0.005 -31"><span class='ocrx_word' id='word_1_59' title='bbox 642 1487 820 1586; x_wconf 88' lang='lat' dir='ltr'>quidquid</span> <span class='ocrx_word' id='word_1_60' title='bbox 843 1489 888 1560; x_wconf 90' lang='lat' dir='ltr'>ad</span> <span class='ocrx_word' id='word_1_61' title='bbox 914 1513 1035 1562; x_wconf 86' lang='lat' dir='ltr'>meam</span> <span class='ocrx_word' id='word_1_62' title='bbox 1061 1491 1252 1560; x_wconf 82' lang='lat' dir='ltr'>materiam</span> <span class='ocrx_word' id='word_1_63' title='bbox 1277 1503 1454 1586; x_wconf 85' lang='lat' dir='ltr'>spectaret</span> <span class='ocrx_word' id='word_1_64' title='bbox 1477 1493 1625 1588; x_wconf 84' lang='lat' dir='ltr'>collegi,</span> <span class='ocrx_word' id='word_1_65' title='bbox 1652 1495 1909 1568; x_wconf 85' lang='lat' dir='ltr'>assertionibus</span> <span class='ocrx_word' id='word_1_66' title='bbox 1928 1499 2053 1589; x_wconf 84' lang='lat' dir='ltr'>singu·</span> <span class='ocrx_word' id='word_1_67' title='bbox 2096 1529 2102 1534; x_wconf 93' lang='lat'><em>·</em></span> 
     </span>
     <span class='ocr_line' id='line_1_9' title="bbox 640 1612 1673 1712; baseline 0.003 -29"><span class='ocrx_word' id='word_1_68' title='bbox 640 1612 761 1684; x_wconf 89' lang='lat' dir='ltr'>lorum</span> <span class='ocrx_word' id='word_1_69' title='bbox 779 1615 872 1686; x_wconf 90' lang='lat' dir='ltr'>inter</span> <span class='ocrx_word' id='word_1_70' title='bbox 889 1637 926 1685; x_wconf 91' lang='lat' dir='ltr'>se</span> <span class='ocrx_word' id='word_1_71' title='bbox 945 1615 1162 1708; x_wconf 89' lang='lat' dir='ltr'>comparatis</span> <span class='ocrx_word' id='word_1_72' title='bbox 1179 1629 1215 1684; x_wconf 90' lang='lat' dir='ltr'>et</span> <span class='ocrx_word' id='word_1_73' title='bbox 1232 1617 1445 1688; x_wconf 82' lang='lat' dir='ltr'>auctoritate</span> <span class='ocrx_word' id='word_1_74' title='bbox 1462 1615 1673 1712; x_wconf 70' lang='lat' dir='ltr'>ponderate.</span> 
     </span>
    </p>

    <p class='ocr_par' dir='ltr' id='par_1_3' title="bbox 639 1734 2052 3529">
     <span class='ocr_line' id='line_1_10' title="bbox 690 1734 2050 1834; baseline 0.002 -27"><span class='ocrx_word' id='word_1_75' title='bbox 690 1737 733 1808; x_wconf 91' lang='lat' dir='ltr'>ln</span> <span class='ocrx_word' id='word_1_76' title='bbox 747 1734 816 1807; x_wconf 80' lang='lat' dir='ltr'>hac</span> <span class='ocrx_word' id='word_1_77' title='bbox 834 1749 934 1832; x_wconf 89' lang='lat' dir='ltr'>parte</span> <span class='ocrx_word' id='word_1_78' title='bbox 954 1737 1127 1832; x_wconf 83' lang='lat' dir='ltr'>quaeritur</span> <span class='ocrx_word' id='word_1_79' title='bbox 1144 1759 1313 1832; x_wconf 70' lang='lat' dir='ltr'>quasnam</span> <span class='ocrx_word' id='word_1_80' title='bbox 1333 1737 1378 1807; x_wconf 89' lang='lat' dir='ltr'>sit</span> <span class='ocrx_word' id='word_1_81' title='bbox 1393 1735 1750 1834; x_wconf 87' lang='lat' dir='ltr'>Euphorbiacearum</span> <span class='ocrx_word' id='word_1_82' title='bbox 1762 1743 1815 1812; x_wconf 81' lang='lat' dir='ltr'>vis</span> <span class='ocrx_word' id='word_1_83' title='bbox 1829 1739 2050 1834; x_wconf 84' lang='lat' dir='ltr'>generalior,</span> 
     </span>
     <span class='ocr_line' id='line_1_11' title="bbox 641 1857 2050 1958; baseline 0 -26"><span class='ocrx_word' id='word_1_84' title='bbox 641 1869 676 1932; x_wconf 88' lang='lat' dir='ltr'>et</span> <span class='ocrx_word' id='word_1_85' title='bbox 703 1857 1016 1955; x_wconf 82' lang='lat' dir='ltr'>quemadmodirm</span> <span class='ocrx_word' id='word_1_86' title='bbox 1043 1861 1148 1958; x_wconf 84' lang='lat' dir='ltr'>ipsa,</span> <span class='ocrx_word' id='word_1_87' title='bbox 1177 1859 1339 1954; x_wconf 87' lang='lat' dir='ltr'>quamvis</span> <span class='ocrx_word' id='word_1_88' title='bbox 1367 1861 1444 1956; x_wconf 90' lang='lat' dir='ltr'>ejus</span> <span class='ocrx_word' id='word_1_89' title='bbox 1471 1874 1600 1932; x_wconf 87' lang='lat' dir='ltr'>natura</span> <span class='ocrx_word' id='word_1_90' title='bbox 1626 1863 1695 1934; x_wconf 90' lang='lat' dir='ltr'>sibi</span> <span class='ocrx_word' id='word_1_91' title='bbox 1718 1885 1860 1958; x_wconf 84' lang='lat' dir='ltr'>semper</span> <span class='ocrx_word' id='word_1_92' title='bbox 1880 1873 2050 1946; x_wconf 87' lang='lat' dir='ltr'>constet,</span> 
     </span>
     <span class='ocr_line' id='line_1_12' title="bbox 641 1981 2051 2082; baseline 0.002 -28"><span class='ocrx_word' id='word_1_93' title='bbox 641 1985 745 2054; x_wconf 85' lang='lat' dir='ltr'>variis</span> <span class='ocrx_word' id='word_1_94' title='bbox 764 1995 888 2054; x_wconf 90' lang='lat' dir='ltr'>tamen</span> <span class='ocrx_word' id='word_1_95' title='bbox 912 1981 1030 2054; x_wconf 91' lang='lat' dir='ltr'>modis</span> <span class='ocrx_word' id='word_1_96' title='bbox 1048 1995 1216 2082; x_wconf 89' lang='lat' dir='ltr'>operetur</span> <span class='ocrx_word' id='word_1_97' title='bbox 1232 2011 1242 2066; x_wconf 87' lang='lat'><strong>;</strong></span> <span class='ocrx_word' id='word_1_98' title='bbox 1266 1983 1488 2080; x_wconf 90' lang='lat' dir='ltr'>quibusnam</span> <span class='ocrx_word' id='word_1_99' title='bbox 1508 1987 1694 2081; x_wconf 89' lang='lat' dir='ltr'>principiis</span> <span class='ocrx_word' id='word_1_100' title='bbox 1709 1989 1754 2059; x_wconf 93' lang='lat' dir='ltr'>sit</span> <span class='ocrx_word' id='word_1_101' title='bbox 1770 1986 1963 2060; x_wconf 89' lang='lat' dir='ltr'>tribuenda</span> <span class='ocrx_word' id='word_1_102' title='bbox 1981 2037 1991 2072; x_wconf 91' lang='lat'>,</span> <span class='ocrx_word' id='word_1_103' title='bbox 2010 2009 2051 2058; x_wconf 88' lang='lat' dir='ltr'>ac</span> 
     </span>
     <span class='ocr_line' id='line_1_13' title="bbox 640 2105 2051 2206; baseline 0.002 -28"><span class='ocrx_word' id='word_1_104' title='bbox 640 2105 723 2179; x_wconf 77' lang='lat' dir='ltr'>ideo</span> <span class='ocrx_word' id='word_1_105' title='bbox 741 2130 814 2203; x_wconf 90' lang='lat' dir='ltr'>quo</span> <span class='ocrx_word' id='word_1_106' title='bbox 834 2106 943 2178; x_wconf 91' lang='lat' dir='ltr'>modo</span> <span class='ocrx_word' id='word_1_107' title='bbox 960 2105 1077 2178; x_wconf 82' lang='lat' dir='ltr'>leoiirs</span> <span class='ocrx_word' id='word_1_108' title='bbox 1095 2105 1388 2180; x_wconf 83' lang='lat' dir='ltr'>vehementibsve</span> <span class='ocrx_word' id='word_1_109' title='bbox 1407 2131 1532 2204; x_wconf 80' lang='lat' dir='ltr'>agere,</span> <span class='ocrx_word' id='word_1_110' title='bbox 1551 2135 1624 2206; x_wconf 89' lang='lat' dir='ltr'>qua</span> <span class='ocrx_word' id='word_1_111' title='bbox 1639 2113 1794 2205; x_wconf 85' lang='lat' dir='ltr'>mitigari</span> <span class='ocrx_word' id='word_1_112' title='bbox 1810 2125 1871 2182; x_wconf 92' lang='lat' dir='ltr'>aut</span> <span class='ocrx_word' id='word_1_113' title='bbox 1886 2113 2051 2206; x_wconf 90' lang='lat' dir='ltr'>dissipari</span> 
     </span>
     <span class='ocr_line' id='line_1_14' title="bbox 641 2230 2051 2329; baseline 0.002 -28"><span class='ocrx_word' id='word_1_114' title='bbox 641 2231 781 2325; x_wconf 86' lang='lat' dir='ltr'>possit;</span> <span class='ocrx_word' id='word_1_115' title='bbox 813 2251 981 2326; x_wconf 71' lang='lat' dir='ltr'>quasnam</span> <span class='ocrx_word' id='word_1_116' title='bbox 1008 2230 1165 2326; x_wconf 90' lang='lat' dir='ltr'>denique</span> <span class='ocrx_word' id='word_1_117' title='bbox 1196 2231 1264 2302; x_wconf 88' lang='lat' dir='ltr'>alia</span> <span class='ocrx_word' id='word_1_118' title='bbox 1293 2233 1471 2328; x_wconf 90' lang='lat' dir='ltr'>principia</span> <span class='ocrx_word' id='word_1_119' title='bbox 1498 2233 1570 2304; x_wconf 89' lang='lat' dir='ltr'>sint</span> <span class='ocrx_word' id='word_1_120' title='bbox 1601 2235 1638 2302; x_wconf 94' lang='lat' dir='ltr'>in</span> <span class='ocrx_word' id='word_1_121' title='bbox 1669 2233 1833 2328; x_wconf 87' lang='lat' dir='ltr'>pluribus</span> <span class='ocrx_word' id='word_1_122' title='bbox 1862 2235 2051 2329; x_wconf 87' lang='lat' dir='ltr'>speciebus</span> 
     </span>
     <span class='ocr_line' id='line_1_15' title="bbox 643 2353 2052 2450; baseline 0.002 -26"><span class='ocrx_word' id='word_1_123' title='bbox 643 2353 816 2426; x_wconf 86' lang='lat' dir='ltr'>notanda.</span> <span class='ocrx_word' id='word_1_124' title='bbox 855 2354 918 2426; x_wconf 90' lang='lat' dir='ltr'>His</span> <span class='ocrx_word' id='word_1_125' title='bbox 953 2357 1149 2450; x_wconf 88' lang='lat' dir='ltr'>expositis,</span> <span class='ocrx_word' id='word_1_126' title='bbox 1186 2368 1227 2426; x_wconf 91' lang='lat' dir='ltr'>ut</span> <span class='ocrx_word' id='word_1_127' title='bbox 1256 2357 1431 2450; x_wconf 91' lang='lat' dir='ltr'>exemplis</span> <span class='ocrx_word' id='word_1_128' title='bbox 1466 2357 1755 2438; x_wconf 86' lang='lat' dir='ltr'>confirmentur,</span> <span class='ocrx_word' id='word_1_129' title='bbox 1792 2369 2052 2430; x_wconf 87' lang='lat' dir='ltr'>enumerantur</span> 
     </span>
     <span class='ocr_line' id='line_1_16' title="bbox 642 2475 2052 2576; baseline 0.003 -30"><span class='ocrx_word' id='word_1_130' title='bbox 642 2475 774 2548; x_wconf 72' lang='lat' dir='ltr'>deinde</span> <span class='ocrx_word' id='word_1_131' title='bbox 797 2475 922 2548; x_wconf 90' lang='lat' dir='ltr'>ordine</span> <span class='ocrx_word' id='word_1_132' title='bbox 942 2475 1170 2575; x_wconf 83' lang='lat' dir='ltr'>alphabetico</span> <span class='ocrx_word' id='word_1_133' title='bbox 1190 2481 1348 2574; x_wconf 88' lang='lat' dir='ltr'>species,</span> <span class='ocrx_word' id='word_1_134' title='bbox 1369 2502 1619 2576; x_wconf 90' lang='lat' dir='ltr'>quascumque</span> <span class='ocrx_word' id='word_1_135' title='bbox 1638 2483 1669 2551; x_wconf 89' lang='lat' dir='ltr'>vi</span> <span class='ocrx_word' id='word_1_136' title='bbox 1693 2481 1812 2576; x_wconf 79' lang='lat' dir='ltr'>aliqua</span> <span class='ocrx_word' id='word_1_137' title='bbox 1831 2481 1945 2552; x_wconf 86' lang='lat' dir='ltr'>valere</span> <span class='ocrx_word' id='word_1_138' title='bbox 1967 2502 2052 2550; x_wconf 87' lang='lat' dir='ltr'>nar-</span> 
     </span>
     <span class='ocr_line' id='line_1_17' title="bbox 642 2599 2051 2698; baseline 0.004 -28"><span class='ocrx_word' id='word_1_139' title='bbox 642 2611 724 2672; x_wconf 90' lang='lat' dir='ltr'>rant</span> <span class='ocrx_word' id='word_1_140' title='bbox 741 2613 917 2674; x_wconf 88' lang='lat' dir='ltr'>auctores.</span> <span class='ocrx_word' id='word_1_141' title='bbox 945 2599 1112 2689; x_wconf 90' lang='lat' dir='ltr'>Quorum</span> <span class='ocrx_word' id='word_1_142' title='bbox 1130 2603 1309 2698; x_wconf 88' lang='lat' dir='ltr'>ipsissima</span> <span class='ocrx_word' id='word_1_143' title='bbox 1330 2601 1438 2674; x_wconf 81' lang='lat' dir='ltr'>rerba</span> <span class='ocrx_word' id='word_1_144' title='bbox 1462 2604 1696 2696; x_wconf 85' lang='lat' dir='ltr'>transcripsi,</span> <span class='ocrx_word' id='word_1_145' title='bbox 1721 2603 1862 2697; x_wconf 73' lang='lat' dir='ltr'>quoties</span> <span class='ocrx_word' id='word_1_146' title='bbox 1880 2606 1973 2696; x_wconf 87' lang='lat' dir='ltr'>potis</span> <span class='ocrx_word' id='word_1_147' title='bbox 1992 2625 2051 2676; x_wconf 89' lang='lat' dir='ltr'>mc</span> 
     </span>
     <span class='ocr_line' id='line_1_18' title="bbox 642 2721 2052 2818; baseline 0.005 -27"><span class='ocrx_word' id='word_1_148' title='bbox 642 2721 710 2794; x_wconf 89' lang='lat' dir='ltr'>iuit</span> <span class='ocrx_word' id='word_1_149' title='bbox 730 2749 739 2794; x_wconf 73' lang='grc' dir='ltr'><strong>ε</strong></span> <span class='ocrx_word' id='word_1_150' title='bbox 765 2723 879 2796; x_wconf 89' lang='lat' dir='ltr'>multa</span> <span class='ocrx_word' id='word_1_151' title='bbox 899 2725 1008 2818; x_wconf 87' lang='lat' dir='ltr'>igitur</span> <span class='ocrx_word' id='word_1_152' title='bbox 1024 2721 1224 2808; x_wconf 84' lang='lat' dir='ltr'>vocabula,</span> <span class='ocrx_word' id='word_1_153' title='bbox 1243 2723 1352 2796; x_wconf 74' lang='lat' dir='ltr'>hodie</span> <span class='ocrx_word' id='word_1_154' title='bbox 1373 2723 1565 2792; x_wconf 87' lang='lat' dir='ltr'>medicinae</span> <span class='ocrx_word' id='word_1_155' title='bbox 1582 2734 1618 2792; x_wconf 92' lang='lat' dir='ltr'>et</span> <span class='ocrx_word' id='word_1_156' title='bbox 1634 2721 1868 2818; x_wconf 80' lang='lat' dir='ltr'>physiologiae</span> <span class='ocrx_word' id='word_1_157' title='bbox 1885 2745 2052 2818; x_wconf 83' lang='lat' dir='ltr'>progres-</span> 
     </span>
     <span class='ocr_line' id='line_1_19' title="bbox 641 2838 2050 2938; baseline 0.001 -20"><span class='ocrx_word' id='word_1_158' title='bbox 641 2846 740 2919; x_wconf 87' lang='lat' dir='ltr'>sibus</span> <span class='ocrx_word' id='word_1_159' title='bbox 757 2847 863 2938; x_wconf 74' lang='lat' dir='ltr'>plane</span> <span class='ocrx_word' id='word_1_160' title='bbox 882 2839 1064 2923; x_wconf 80' lang='lat' dir='ltr'>obsoleta,</span> <span class='ocrx_word' id='word_1_161' title='bbox 1082 2838 1144 2911; x_wconf 87' lang='lat' dir='ltr'>hie</span> <span class='ocrx_word' id='word_1_162' title='bbox 1163 2841 1417 2928; x_wconf 86' lang='lat' dir='ltr'>invenientur,</span> <span class='ocrx_word' id='word_1_163' title='bbox 1443 2867 1523 2938; x_wconf 81' lang='lat' dir='ltr'>quac</span> <span class='ocrx_word' id='word_1_164' title='bbox 1545 2844 1651 2915; x_wconf 91' lang='lat' dir='ltr'>retuli</span> <span class='ocrx_word' id='word_1_165' title='bbox 1675 2845 1818 2916; x_wconf 87' lang='lat' dir='ltr'>tautirm</span> <span class='ocrx_word' id='word_1_166' title='bbox 1838 2869 1883 2917; x_wconf 89' lang='lat' dir='ltr'>ne</span> <span class='ocrx_word' id='word_1_167' title='bbox 1900 2869 2050 2920; x_wconf 90' lang='lat' dir='ltr'>sensum</span> 
     </span>
     <span class='ocr_line' id='line_1_20' title="bbox 641 2961 2049 3063; baseline 0.001 -23"><span class='ocrx_word' id='word_1_168' title='bbox 641 2961 911 3063; x_wconf 86' lang='lat' dir='ltr'>interpretando</span> <span class='ocrx_word' id='word_1_169' title='bbox 942 2961 1193 3036; x_wconf 76' lang='lat' dir='ltr'>adulterarem.</span> <span class='ocrx_word' id='word_1_170' title='bbox 1230 2961 1381 3050; x_wconf 72' lang='lat' dir='ltr'>Quoties</span> <span class='ocrx_word' id='word_1_171' title='bbox 1412 2977 1535 3035; x_wconf 89' lang='lat' dir='ltr'>autem</span> <span class='ocrx_word' id='word_1_172' title='bbox 1562 2977 1680 3037; x_wconf 87' lang='lat' dir='ltr'>textus</span> <span class='ocrx_word' id='word_1_173' title='bbox 1710 2970 1786 3061; x_wconf 89' lang='lat' dir='ltr'>ipse</span> <span class='ocrx_word' id='word_1_174' title='bbox 1816 2971 1946 3040; x_wconf 81' lang='lat' dir='ltr'>serrari</span> <span class='ocrx_word' id='word_1_175' title='bbox 1974 2993 2049 3042; x_wconf 93' lang='lat' dir='ltr'>non</span> 
     </span>
     <span class='ocr_line' id='line_1_21' title="bbox 639 3085 2050 3188; baseline 0.001 -26"><span class='ocrx_word' id='word_1_176' title='bbox 639 3101 807 3188; x_wconf 88' lang='lat' dir='ltr'>poterat,</span> <span class='ocrx_word' id='word_1_177' title='bbox 826 3111 926 3158; x_wconf 90' lang='lat' dir='ltr'>nune</span> <span class='ocrx_word' id='word_1_178' title='bbox 945 3085 1081 3156; x_wconf 77' lang='lat' dir='ltr'>diversa</span> <span class='ocrx_word' id='word_1_179' title='bbox 1103 3085 1226 3181; x_wconf 76' lang='lat' dir='ltr'>lingua</span> <span class='ocrx_word' id='word_1_180' title='bbox 1244 3087 1419 3184; x_wconf 89' lang='lat' dir='ltr'>scriptum</span> <span class='ocrx_word' id='word_1_181' title='bbox 1441 3093 1586 3160; x_wconf 74' lang='lat' dir='ltr'>summa</span> <span class='ocrx_word' id='word_1_182' title='bbox 1612 3087 1684 3159; x_wconf 86' lang='lat' dir='ltr'>fide</span> <span class='ocrx_word' id='word_1_183' title='bbox 1704 3090 1742 3160; x_wconf 93' lang='lat' dir='ltr'>in</span> <span class='ocrx_word' id='word_1_184' title='bbox 1760 3088 1911 3160; x_wconf 88' lang='lat' dir='ltr'>latinam</span> <span class='ocrx_word' id='word_1_185' title='bbox 1931 3103 2050 3164; x_wconf 87' lang='lat' dir='ltr'>trans-</span> 
     </span>
     <span class='ocr_line' id='line_1_22' title="bbox 640 3208 2049 3312; baseline 0.001 -26"><span class='ocrx_word' id='word_1_186' title='bbox 640 3213 728 3298; x_wconf 92' lang='lat' dir='ltr'>tuli,</span> <span class='ocrx_word' id='word_1_187' title='bbox 749 3235 849 3283; x_wconf 91' lang='lat' dir='ltr'>nunc</span> <span class='ocrx_word' id='word_1_188' title='bbox 864 3211 1062 3302; x_wconf 76' lang='lat' dir='ltr'>longiorem</span> <span class='ocrx_word' id='word_1_189' title='bbox 1077 3208 1201 3282; x_wconf 75' lang='lat' dir='ltr'>sedula</span> <span class='ocrx_word' id='word_1_190' title='bbox 1216 3210 1352 3305; x_wconf 84' lang='lat' dir='ltr'>analysi</span> <span class='ocrx_word' id='word_1_191' title='bbox 1368 3215 1542 3284; x_wconf 82' lang='lat' dir='ltr'>contraxi.</span> <span class='ocrx_word' id='word_1_192' title='bbox 1560 3210 1596 3284; x_wconf 90' lang='lat' dir='ltr'>Si</span> <span class='ocrx_word' id='word_1_193' title='bbox 1609 3235 1689 3308; x_wconf 72' lang='lat' dir='ltr'>quse</span> <span class='ocrx_word' id='word_1_194' title='bbox 1702 3213 1851 3284; x_wconf 88' lang='lat' dir='ltr'>tandem</span> <span class='ocrx_word' id='word_1_195' title='bbox 1864 3219 2049 3312; x_wconf 90' lang='lat' dir='ltr'>proposito</span> 
     </span>
     <span class='ocr_line' id='line_1_23' title="bbox 641 3325 2048 3419; baseline -0.001 -13"><span class='ocrx_word' id='word_1_196' title='bbox 641 3355 726 3406; x_wconf 92' lang='lat' dir='ltr'>meo</span> <span class='ocrx_word' id='word_1_197' title='bbox 756 3325 1001 3403; x_wconf 84' lang='lat' dir='ltr'>contradicere</span> <span class='ocrx_word' id='word_1_198' title='bbox 1034 3325 1277 3413; x_wconf 81' lang='lat' dir='ltr'>ridebantur,</span> <span class='ocrx_word' id='word_1_199' title='bbox 1310 3329 1410 3400; x_wconf 90' lang='lat' dir='ltr'>nulla</span> <span class='ocrx_word' id='word_1_200' title='bbox 1440 3341 1563 3402; x_wconf 90' lang='lat' dir='ltr'>tamen</span> <span class='ocrx_word' id='word_1_201' title='bbox 1594 3332 1727 3402; x_wconf 88' lang='lat' dir='ltr'>omissa</span> <span class='ocrx_word' id='word_1_202' title='bbox 1757 3344 1870 3419; x_wconf 93' lang='lat' dir='ltr'>sunt,</span> <span class='ocrx_word' id='word_1_203' title='bbox 1902 3345 1943 3404; x_wconf 92' lang='lat' dir='ltr'>ut</span> <span class='ocrx_word' id='word_1_204' title='bbox 1971 3333 2048 3406; x_wconf 86' lang='lat' dir='ltr'>lieri</span> 
     </span>
     <span class='ocr_line' id='line_1_24' title="bbox 641 3455 755 3529; baseline -0.035 -1"><span class='ocrx_word' id='word_1_205' title='bbox 641 3455 755 3529; x_wconf 91' lang='lat' dir='ltr'>decet.</span> 
     </span>
    </p>

    <p class='ocr_par' dir='ltr' id='par_1_4' title="bbox 638 3575 2049 4537">
     <span class='ocr_line' id='line_1_25' title="bbox 690 3575 2049 3677; baseline -0.001 -26"><span class='ocrx_word' id='word_1_206' title='bbox 690 3581 732 3665; x_wconf 86' lang='lat' dir='ltr'>In</span> <span class='ocrx_word' id='word_1_207' title='bbox 757 3589 858 3677; x_wconf 87' lang='lat' dir='ltr'>parte</span> <span class='ocrx_word' id='word_1_208' title='bbox 880 3575 1051 3652; x_wconf 81' lang='lat' dir='ltr'>botanict</span> <span class='ocrx_word' id='word_1_209' title='bbox 1072 3597 1203 3672; x_wconf 74' lang='lat' dir='ltr'>genera</span> <span class='ocrx_word' id='word_1_210' title='bbox 1223 3587 1459 3648; x_wconf 89' lang='lat' dir='ltr'>recensentur</span> <span class='ocrx_word' id='word_1_211' title='bbox 1482 3579 1667 3670; x_wconf 84' lang='lat' dir='ltr'>octoginta</span> <span class='ocrx_word' id='word_1_212' title='bbox 1689 3579 1876 3674; x_wconf 69' lang='lat' dir='ltr'>quinquee</span> <span class='ocrx_word' id='word_1_213' title='bbox 1900 3577 2049 3650; x_wconf 87' lang='lat' dir='ltr'>cuilibet</span> 
     </span>
     <span class='ocr_line' id='line_1_26' title="bbox 642 3699 2048 3802; baseline 0.001 -25"><span class='ocrx_word' id='word_1_214' title='bbox 642 3703 787 3778; x_wconf 86' lang='lat' dir='ltr'>additur</span> <span class='ocrx_word' id='word_1_215' title='bbox 803 3705 1005 3802; x_wconf 89' lang='lat' dir='ltr'>specierum</span> <span class='ocrx_word' id='word_1_216' title='bbox 1021 3699 1102 3774; x_wconf 82' lang='lat' dir='ltr'>tdm</span> <span class='ocrx_word' id='word_1_217' title='bbox 1120 3699 1165 3774; x_wconf 92' lang='lat' dir='ltr'>ab</span> <span class='ocrx_word' id='word_1_218' title='bbox 1189 3699 1397 3773; x_wconf 88' lang='lat' dir='ltr'>auctoribus</span> <span class='ocrx_word' id='word_1_219' title='bbox 1416 3699 1698 3796; x_wconf 88' lang='lat' dir='ltr'>descriptarum,</span> <span class='ocrx_word' id='word_1_220' title='bbox 1718 3702 1799 3773; x_wconf 85' lang='lat' dir='ltr'>tbm</span> <span class='ocrx_word' id='word_1_221' title='bbox 1818 3705 1855 3774; x_wconf 94' lang='lat' dir='ltr'>in</span> <span class='ocrx_word' id='word_1_222' title='bbox 1873 3700 2048 3778; x_wconf 82' lang='lat' dir='ltr'>berberiis</span> 
     </span>
     <span class='ocr_line' id='line_1_27' title="bbox 640 3821 2048 3920; baseline -0.004 -18"><span class='ocrx_word' id='word_1_223' title='bbox 640 3825 884 3910; x_wconf 89' lang='lat' dir='ltr'>ineditarum,</span> <span class='ocrx_word' id='word_1_224' title='bbox 905 3846 1078 3896; x_wconf 88' lang='lat' dir='ltr'>numerus</span> <span class='ocrx_word' id='word_1_225' title='bbox 1098 3835 1133 3894; x_wconf 90' lang='lat' dir='ltr'>et</span> <span class='ocrx_word' id='word_1_226' title='bbox 1153 3825 1292 3918; x_wconf 86' lang='lat' dir='ltr'>patria;</span> <span class='ocrx_word' id='word_1_227' title='bbox 1311 3836 1346 3894; x_wconf 90' lang='lat' dir='ltr'>et</span> <span class='ocrx_word' id='word_1_228' title='bbox 1363 3821 1572 3896; x_wconf 89' lang='lat' dir='ltr'>indicantur</span> <span class='ocrx_word' id='word_1_229' title='bbox 1589 3825 1785 3919; x_wconf 74' lang='lat' dir='ltr'>praeterel,</span> <span class='ocrx_word' id='word_1_230' title='bbox 1808 3827 1934 3920; x_wconf 79' lang='lat' dir='ltr'>siquae</span> <span class='ocrx_word' id='word_1_231' title='bbox 1955 3847 2048 3919; x_wconf 87' lang='lat' dir='ltr'>pau-</span> 
     </span>
     <span class='ocr_line' id='line_1_28' title="bbox 641 3945 2047 4048; baseline -0.003 -26"><span class='ocrx_word' id='word_1_232' title='bbox 641 3951 750 4048; x_wconf 90' lang='lat' dir='ltr'>lisper</span> <span class='ocrx_word' id='word_1_233' title='bbox 767 3947 1059 4044; x_wconf 79' lang='lat' dir='ltr'>icongeneribus</span> <span class='ocrx_word' id='word_1_234' title='bbox 1074 3945 1277 4043; x_wconf 87' lang='lat' dir='ltr'>discrepent</span> <span class='ocrx_word' id='word_1_235' title='bbox 1288 3997 1296 4030; x_wconf 94' lang='lat'><strong>‚</strong></span> <span class='ocrx_word' id='word_1_236' title='bbox 1307 3957 1370 4018; x_wconf 85' lang='lat' dir='ltr'>aut</span> <span class='ocrx_word' id='word_1_237' title='bbox 1383 3947 1554 4042; x_wconf 89' lang='lat' dir='ltr'>peculiari</span> <span class='ocrx_word' id='word_1_238' title='bbox 1568 3947 1729 4045; x_wconf 78' lang='lat' dir='ltr'>quadam</span> <span class='ocrx_word' id='word_1_239' title='bbox 1744 3951 1829 4018; x_wconf 82' lang='lat' dir='ltr'>nott</span> <span class='ocrx_word' id='word_1_240' title='bbox 1845 3947 2047 4040; x_wconf 81' lang='lat' dir='ltr'>insignian-</span> 
     </span>
     <span class='ocr_line' id='line_1_29' title="bbox 641 4069 2047 4170; baseline -0.001 -24"><span class='ocrx_word' id='word_1_241' title='bbox 641 4089 711 4146; x_wconf 92' lang='lat' dir='ltr'>tur.</span> <span class='ocrx_word' id='word_1_242' title='bbox 735 4075 874 4146; x_wconf 88' lang='lat' dir='ltr'>Genera</span> <span class='ocrx_word' id='word_1_243' title='bbox 892 4071 1060 4170; x_wconf 83' lang='lat' dir='ltr'>quaedam</span> <span class='ocrx_word' id='word_1_244' title='bbox 1078 4083 1197 4143; x_wconf 83' lang='lat' dir='ltr'>vetera</span> <span class='ocrx_word' id='word_1_245' title='bbox 1215 4069 1369 4142; x_wconf 88' lang='lat' dir='ltr'>delenda</span> <span class='ocrx_word' id='word_1_246' title='bbox 1388 4083 1451 4141; x_wconf 89' lang='lat' dir='ltr'>aut</span> <span class='ocrx_word' id='word_1_247' title='bbox 1469 4071 1545 4144; x_wconf 89' lang='lat' dir='ltr'>aliis</span> <span class='ocrx_word' id='word_1_248' title='bbox 1565 4071 1676 4144; x_wconf 81' lang='lat' dir='ltr'>dubie</span> <span class='ocrx_word' id='word_1_249' title='bbox 1694 4069 1936 4142; x_wconf 88' lang='lat' dir='ltr'>consocianda</span> <span class='ocrx_word' id='word_1_250' title='bbox 1954 4071 2047 4146; x_wconf 86' lang='lat' dir='ltr'>mihi</span> 
     </span>
     <span class='ocr_line' id='line_1_30' title="bbox 638 4195 2046 4298; baseline -0.004 -24"><span class='ocrx_word' id='word_1_251' title='bbox 638 4203 712 4274; x_wconf 81' lang='lat' dir='ltr'>risa</span> <span class='ocrx_word' id='word_1_252' title='bbox 731 4215 839 4284; x_wconf 87' lang='lat' dir='ltr'>sunt;</span> <span class='ocrx_word' id='word_1_253' title='bbox 858 4195 1025 4298; x_wconf 83' lang='lat' dir='ltr'>quaedam</span> <span class='ocrx_word' id='word_1_254' title='bbox 1040 4219 1131 4270; x_wconf 84' lang='lat' dir='ltr'>nova</span> <span class='ocrx_word' id='word_1_255' title='bbox 1156 4195 1379 4270; x_wconf 88' lang='lat' dir='ltr'>instituenda</span> <span class='ocrx_word' id='word_1_256' title='bbox 1398 4197 1417 4268; x_wconf 79' lang='grc' dir='ltr'>ὲ</span> <span class='ocrx_word' id='word_1_257' title='bbox 1434 4198 1590 4294; x_wconf 89' lang='lat' dir='ltr'>plantis,</span> <span class='ocrx_word' id='word_1_258' title='bbox 1611 4197 1682 4267; x_wconf 77' lang='lat' dir='ltr'>site</span> <span class='ocrx_word' id='word_1_259' title='bbox 1701 4195 1776 4292; x_wconf 88' lang='lat' dir='ltr'>jam</span> <span class='ocrx_word' id='word_1_260' title='bbox 1798 4197 1969 4291; x_wconf 85' lang='lat' dir='ltr'>cognitis,</span> <span class='ocrx_word' id='word_1_261' title='bbox 1983 4195 2046 4272; x_wconf 87' lang='lat' dir='ltr'>sed</span> 
     </span>
     <span class='ocr_line' id='line_1_31' title="bbox 638 4299 2047 4424; baseline -0.006 -22"><span class='ocrx_word' id='word_1_262' title='bbox 638 4330 677 4402; x_wconf 92' lang='lat' dir='ltr'>in</span> <span class='ocrx_word' id='word_1_263' title='bbox 696 4299 824 4424; x_wconf 81' lang='lat' dir='ltr'>genere</span> <span class='ocrx_word' id='word_1_264' title='bbox 842 4349 908 4398; x_wconf 91' lang='lat' dir='ltr'>suo</span> <span class='ocrx_word' id='word_1_265' title='bbox 927 4323 1129 4408; x_wconf 90' lang='lat' dir='ltr'>anomalis,</span> <span class='ocrx_word' id='word_1_266' title='bbox 1159 4325 1231 4396; x_wconf 85' lang='lat' dir='ltr'>sire</span> <span class='ocrx_word' id='word_1_267' title='bbox 1254 4327 1379 4411; x_wconf 87' lang='lat' dir='ltr'>novis,</span> <span class='ocrx_word' id='word_1_268' title='bbox 1403 4347 1484 4420; x_wconf 79' lang='lat' dir='ltr'>quaa</span> <span class='ocrx_word' id='word_1_269' title='bbox 1509 4320 1600 4392; x_wconf 89' lang='lat' dir='ltr'>mibi</span> <span class='ocrx_word' id='word_1_270' title='bbox 1626 4345 1699 4392; x_wconf 90' lang='lat' dir='ltr'>non</span> <span class='ocrx_word' id='word_1_271' title='bbox 1722 4343 1846 4416; x_wconf 73' lang='lat' dir='ltr'>paucae</span> <span class='ocrx_word' id='word_1_272' title='bbox 1863 4324 2047 4419; x_wconf 88' lang='lat' dir='ltr'>suppetie-</span> 
     </span>
     <span class='ocr_line' id='line_1_32' title="bbox 639 4443 2046 4537; baseline -0.008 -12"><span class='ocrx_word' id='word_1_273' title='bbox 639 4465 725 4526; x_wconf 93' lang='lat' dir='ltr'>runt</span> <span class='ocrx_word' id='word_1_274' title='bbox 740 4503 750 4537; x_wconf 94' lang='lat'>,</span> <span class='ocrx_word' id='word_1_275' title='bbox 765 4449 864 4523; x_wconf 77' lang='lat' dir='ltr'>culm</span> <span class='ocrx_word' id='word_1_276' title='bbox 887 4447 1052 4522; x_wconf 88' lang='lat' dir='ltr'>herbaria</span> <span class='ocrx_word' id='word_1_277' title='bbox 1069 4445 1169 4520; x_wconf 88' lang='lat' dir='ltr'>urbis</span> <span class='ocrx_word' id='word_1_278' title='bbox 1188 4447 1363 4521; x_wconf 85' lang='lat' dir='ltr'>ditissima</span> <span class='ocrx_word' id='word_1_279' title='bbox 1381 4445 1668 4532; x_wconf 68' lang='lat' dir='ltr'>humanissime,</span> <span class='ocrx_word' id='word_1_280' title='bbox 1688 4459 1728 4517; x_wconf 92' lang='lat' dir='ltr'>ut</span> <span class='ocrx_word' id='word_1_281' title='bbox 1748 4444 1813 4529; x_wconf 86' lang='lat' dir='ltr'>dt,</span> <span class='ocrx_word' id='word_1_282' title='bbox 1833 4446 1923 4518; x_wconf 89' lang='lat' dir='ltr'>meis</span> <span class='ocrx_word' id='word_1_283' title='bbox 1940 4443 2046 4518; x_wconf 86' lang='lat' dir='ltr'>inda-</span> 
     </span>
    </p>
   </div>
   <div class='ocr_carea' id='block_1_2' title="bbox 640 4577 2043 4796">
    <p class='ocr_par' dir='ltr' id='par_1_5' title="bbox 640 4577 2043 4796">
     <span class='ocr_line' id='line_1_33' title="bbox 640 4577 1056 4674; baseline -0.012 -24"><span class='ocrx_word' id='word_1_284' title='bbox 640 4577 845 4674; x_wconf 80' lang='lat' dir='ltr'>gationibus</span> <span class='ocrx_word' id='word_1_285' title='bbox 862 4577 1056 4674; x_wconf 84' lang='lat' dir='ltr'>patuerint.</span> 
     </span>
     <span class='ocr_line' id='line_1_34' title="bbox 689 4693 2043 4796; baseline -0.009 -22"><span class='ocrx_word' id='word_1_286' title='bbox 689 4700 818 4776; x_wconf 74' lang='lat' dir='ltr'>Gratia</span> <span class='ocrx_word' id='word_1_287' title='bbox 836 4697 897 4776; x_wconf 86' lang='lat' dir='ltr'>hle</span> <span class='ocrx_word' id='word_1_288' title='bbox 909 4697 1153 4796; x_wconf 67' lang='lat' dir='ltr'>persolvendo</span> <span class='ocrx_word' id='word_1_289' title='bbox 1167 4697 1339 4776; x_wconf 87' lang='lat' dir='ltr'>omnibus</span> <span class='ocrx_word' id='word_1_290' title='bbox 1356 4695 1508 4794; x_wconf 88' lang='lat' dir='ltr'>hujusce</span> <span class='ocrx_word' id='word_1_291' title='bbox 1522 4695 1655 4774; x_wconf 82' lang='lat' dir='ltr'>laboris</span> <span class='ocrx_word' id='word_1_292' title='bbox 1672 4693 1894 4780; x_wconf 75' lang='lat' dir='ltr'>fautoribus,</span> <span class='ocrx_word' id='word_1_293' title='bbox 1916 4703 1957 4764; x_wconf 92' lang='lat' dir='ltr'>ut</span> <span class='ocrx_word' id='word_1_294' title='bbox 1969 4694 2043 4765; x_wconf 88' lang='lat' dir='ltr'>riro</span> 
     </span>
    </p>
   </div>
   <div class='ocr_carea' id='block_1_3' title="bbox 0 0 2382 6008">
    <p class='ocr_par' dir='ltr' id='par_1_6' title="bbox 0 0 2382 6008">
     <span class='ocr_line' id='line_1_35' title="bbox 0 0 2382 6008; baseline 0 0"><span class='ocrx_word' id='word_1_295' title='bbox 0 0 2382 6008; x_wconf 95' lang='lat' dir='ltr'> </span> 
     </span>
    </p>
   </div>
  </div>
 </body>
</html>
