4756 6014
361 757 512 790 mmm
515 751 973 788 ΜΜἉΜΜἋΜΜἏΜἋΛ
979 751 1333 786 ιἊΛΜΜΜΜΜΜΜΜ
1337 749 1746 790 wmumfflbwf

358 1167 499 1276 Srurno
526 1201 710 1274 botanieea
735 1197 904 1284 deditus,
929 1199 969 1270 in
1000 1193 1179 1272 sumendo
1208 1196 1358 1270 medice
1383 1193 1496 1270 thesis
1523 1187 1761 1294 argumento,

356 1325 428 1396 tale
445 1325 591 1420 quaesivi
617 1323 724 1418 quale
742 1325 885 1418 utrique
907 1321 1066 1392 scientie
1087 1343 1285 1393 commune
1299 1321 1413 1404 ioret;
1431 1325 1620 1418 mentique
1638 1346 1762 1396 occur-

355 1450 400 1522 rit
426 1449 628 1520 liunaeauuu
651 1445 710 1516 ille
742 1443 1000 1542 aphorismus:
1029 1441 1212 1515 «Plantae
1237 1467 1325 1542 quse
1350 1469 1489 1542 genere
1514 1448 1761 1527 conveniunt,

362 1603 375 1636 ι
402 1574 510 1642 etiam
528 1573 667 1640 virtrrte
683 1570 904 1640 conveniunt
911 1595 933 1650 ,·
950 1591 1036 1668 ane
1055 1563 1185 1636 ordine
1202 1565 1369 1636 naturali
1378 1567 1614 1636 eontinentur
1619 1619 1634 1658 ,
1652 1569 1760 1637 etiam

303 1691 306 1696 ’
360 1701 540 1767 «virtute
566 1689 721 1790 propriis
747 1691 970 1762 accedunt.»
1002 1689 1285 1762 Foecuudissima
1314 1689 1401 1760 sane
1432 1701 1539 1785 atque
1570 1689 1762 1762 utilissima

353 1819 553 1902 sententia,
571 1840 616 1888 ex
633 1821 703 1911 qui
718 1816 878 1912 optimus
896 1812 1066 1886 ordinum
1082 1812 1302 1883 naturalium
1320 1809 1487 1884 conditor
1504 1835 1576 1882 nou
1592 1809 1760 1910 pharma-

346 1941 499 2035 cologiae
517 1938 640 2010 minias
665 1938 776 2033 quim
803 1937 853 2006 rei
879 1933 1052 2006 herbariae
1077 1933 1297 2028 auxiliatum
1323 1933 1386 2004 irat
1405 1933 1758 2010 medicamentorum

351 2065 488 2140 facilior
508 2063 666 2156 cognitio
689 2061 875 2154 tutiusque
900 2059 1213 2154 experimentum
1239 2055 1458 2154 quibusdam
1481 2055 1756 2146 deficientibus,

352 2187 420 2256 alia
442 2184 665 2258 succedanea
683 2203 825 2278 semper
842 2183 878 2252 in
901 2194 1071 2278 promptu
1097 2181 1193 2264 sint,
1213 2193 1248 2252 ct
1269 2184 1307 2254 iu
1328 2182 1536 2278 longinquis
1554 2185 1758 2282 ignotisque

349 2309 556 2406 regionibus
569 2305 954 2403 ,plantarumrixdrlm
969 2309 1197 2402 cognitarum
1214 2309 1305 2380 vires
1318 2308 1392 2402 jam
1409 2310 1589 2404 praesagiri
1600 2310 1755 2405 possint,
1852 2387 1856 2396 ,

254 2525 269 2546 .
351 2437 482 2506 tentari
499 2447 607 2530 atque
624 2430 771 2504 mederi.

400 2563 517 2658 Opera
535 2565 610 2660 jam
636 2573 778 2633 exstant
804 2559 877 2632 duo
902 2558 1034 2657 quibus
1052 2557 1113 2630 illa
1134 2559 1262 2631 veritas
1279 2557 1478 2656 explicatur
1495 2571 1603 2656 atque
1622 2556 1757 2632 confrr-

307 2763 310 2774 ,
349 2697 471 2760 matur
492 2712 501 2752 ι
522 2685 675 2754 alterum
693 2683 829 2752 seilicet
846 2683 1157 2777 elegantissimum
1178 2681 1262 2752 clari
1276 2679 1514 2756 DeCandolle
1527 2681 1572 2756 de
1591 2687 1755 2780 proprie-

348 2807 483 2880 tatibus
508 2808 716 2902 plantarum
738 2816 947 2884 tentamen,
971 2807 1009 2871 iu
1035 2829 1107 2897 quo
1134 2795 1279 2876 familie
1305 2829 1432 2878 omnes
1458 2821 1703 2888 recensentur,
1718 2820 1754 2878 et

348 2955 517 3029 quaenam
540 2930 626 3002 huic
653 2929 721 3021 legi
745 2937 922 3022 pareant,
947 2947 1115 3020 quanam
1143 2928 1188 2992 ab
1214 2935 1256 2990 ea
1280 2930 1449 2994 recedant
1472 2934 1661 3020 panciores
1688 2943 1753 3017 aut

346 3057 469 3132 minin
496 3067 615 3138 note,
639 3050 813 3134 docetur,
834 3047 896 3120 sed
915 3046 1128 3124 summatim
1146 3057 1182 3116 et
1207 3041 1464 3140 compendiose
1480 3101 1488 3128 ,
1507 3063 1548 3118 ut
1565 3064 1752 3125 auctorem

346 3185 503 3282 peritum
521 3182 559 3250 in
578 3199 683 3273 opere
702 3171 912 3267 generaliori
931 3171 1058 3254 decet;
1075 3169 1229 3242 alterum
1247 3171 1455 3264 nuperrime
1470 3169 1515 3242 ab
1530 3174 1750 3246 amicissimo

347 3309 388 3382 A.
420 3301 580 3378 Richard
602 3300 767 3382 editum,
792 3298 854 3392 qui
879 3293 958 3368 trlm
981 3293 1151 3366 botanice
1180 3293 1261 3366 tbm
1285 3283 1425 3368 medice
1448 3293 1589 3392 plantas
1617 3319 1750 3370 secun-

349 3431 438 3502 dbm
457 3426 600 3498 ordines
618 3420 800 3494 naturales
819 3419 1007 3514 dispositas
1025 3417 1220 3502 describit,
1240 3418 1302 3490 sed
1323 3441 1381 3490 eas
1399 3418 1544 3490 tantbm
1562 3442 1750 3514 quaecum-

346 3576 416 3650 que
446 3525 532 3622 sunl
561 3549 597 3616 iu
630 3567 709 3615 usu.
742 3543 893 3614 Animus
924 3538 1016 3610 mihi
1047 3542 1115 3610 luit
1140 3539 1185 3611 de
1215 3553 1269 3610 tot
1294 3541 1438 3613 familiis
1465 3565 1577 3614 unam
1604 3543 1749 3618 tautirm

345 3677 492 3768 seligere
521 3667 566 3738 de
601 3672 673 3761 qua
701 3664 815 3736 rusios
848 3659 1089 3744 dissererem,
1122 3664 1319 3758 expositis,
1348 3662 1434 3735 hinc
1466 3689 1639 3760 generum
1670 3669 1748 3764 ejus

344 3803 512 3877 omnium
530 3790 822 3872 characteribus,
841 3785 926 3858 inde
945 3783 1135 3856 virtutibus
1154 3783 1286 3880 quibus
1307 3781 1439 3856 horum
1458 3787 1748 3886 unumquodque

342 3927 456 4000 valere
486 3921 644 3998 dicitur,
671 3913 829 4007 olimque
855 3907 1209 4004 Euphorbiacearum
1241 3929 1370 4001 genera
1396 3907 1563 4004 quaedam
1593 3910 1748 3984 obscura

343 4052 436 4130 sint,
462 4057 497 4116 et
523 4041 648 4112 omnia
671 4033 840 4132 praeterei
870 4034 1000 4104 virium
1026 4027 1263 4102 similitudine
1289 4031 1469 4126 insignia,
1496 4030 1618 4128 dehis
1642 4055 1746 4128 agere

338 4171 495 4271 pretium
515 4184 630 4259 operae
647 4159 739 4232 milri
755 4160 871 4228 risum
889 4169 953 4231 est.

391 4287 569 4362 Dividitur
592 4285 699 4377 igitur
716 4279 835 4352 haecce
855 4277 1055 4350 dissertatio
1074 4282 1111 4350 iu
1129 4292 1248 4375 partes
1266 4279 1378 4364 duas,
1397 4277 1492 4352 hauc
1510 4280 1743 4369 botanicum,

338 4417 440 4490 illam
459 4411 651 4483 medicam.
675 4405 744 4477 Sed
763 4407 937 4501 posterior
953 4405 1150 4500 praesertim
1169 4407 1281 4503 quim
1299 4409 1344 4478 sit
1361 4407 1570 4504 imperfecta
1590 4432 1663 4480 non
1682 4433 1742 4484 me

340 4541 454 4634 fugit,
484 4537 546 4630 qui
570 4531 667 4604 hauc
694 4531 917 4626 scripserim,
941 4527 1070 4624 saepiirs
1093 4533 1189 4624 vagis
1216 4533 1393 4615 viatorum
1416 4529 1741 4630 botanicorumque

341 4655 589 4738 documentis,
611 4651 692 4728 rard
710 4651 920 4725 certioribus
938 4649 1164 4724 medicorum
1184 4654 1423 4738 testimoniis,
1444 4654 1635 4752 uunquam
1655 4679 1742 4752 pro-
