4752 6020
1297 677 1303 684 ’
1343 675 1359 773 (
1383 675 1471 770 86)

703 841 717 876 ι
747 825 847 894 tem,
884 818 956 884 sive
990 817 1259 890 exioliationcm
1288 823 1456 916 ejusdem
1481 846 1592 920 quam
1621 841 1750 898 vocant
1774 831 2040 924 perficiendam.
2080 863 2092 894 ι

698 934 834 1030 (Mure.
856 939 892 1026 4.
916 939 1002 1032 95.)
1068 938 1075 948 ’

745 1061 799 1132 De
816 1069 886 1156 qui
906 1067 1023 1158 speeie
1051 1068 1188 1137 oriatur
1210 1067 1486 1163 Euphorbium,
1514 1072 1710 1166 ambigitur
1737 1072 1881 1157 adhirc3
1910 1077 2101 1174 iorsinque

699 1181 1020 1256 indiscriminatim
1038 1190 1059 1258 e
1076 1189 1241 1284 pluribus
1258 1190 1483 1274 extrahitur,
1510 1196 1605 1264 iuter
1621 1217 1710 1290 quas
1727 1199 1908 1292 praecipue
1930 1199 2101 1272 inclares-
2135 1255 2142 1268 .

694 1319 782 1374 eom
808 1307 1015 1378 Enraorare
1032 1313 1286 1394 carroniensis,
1315 1311 1362 1380 Ε.
1385 1307 1616 1410 officinarum
1640 1314 1856 1412 aethiopica,
1873 1333 1911 1389 et
1931 1320 1982 1390 E.
2002 1327 2102 1390 antr'-

693 1451 852 1526 quorum
877 1431 999 1502 indica
1018 1447 1057 1502 et
1072 1432 1239 1516 arabica,
1261 1435 1366 1530 eujus
1393 1437 1563 1530 praeterei
1593 1435 1786 1528 (exReed.
1812 1463 1846 1508 a.
1868 1441 1946 1536 δέ)
1978 1453 2100 1512 cortex

693 1549 824 1620 radicis
848 1555 1024 1624 contritus
1051 1567 1088 1624 et
1108 1567 1276 1648 sumptus
1301 1579 1389 1627 cum
1411 1565 1503 1652 aqui
1521 1562 1729 1652 purgativus
1747 1573 1812 1630 est.
1842 1562 1906 1632 His
1934 1563 2098 1634 addenda

695 1673 815 1744 lorcin
841 1673 890 1744 Ε.
925 1673 1150 1772 cerefirrmis
1179 1677 1359 1761 alricana,
1378 1683 1482 1774 cujus
1507 1683 1526 1750 e
1549 1685 1679 1751 cortice
1699 1683 1971 1777 quomodolibet
1988 1687 2098 1756 hacto

696 1798 750 1868 lac
777 1801 937 1870 virosum
965 1801 1109 1895 eopios'e
1140 1799 1285 1886 effluit,
1316 1825 1518 1900 succusque
1547 1819 1736 1876 concretus
1768 1829 1833 1900 pro
1861 1810 2096 1880 mercinouio

693 1925 921 2018 importatur.
949 1925 1092 2020 (lloris.
1111 1925 1145 1996 3.
1169 1926 1283 2018 345.)

742 2043 921 2131 Quadam
937 2050 1072 2144 species
1091 2051 1185 2119 inter
1202 2049 1288 2119 alias
1305 2048 1369 2120 llic
1382 2049 1537 2120 breviter
1555 2047 1745 2132 notandae,
1766 2063 1805 2119 ut
1823 2077 1838 2122 a

740 2164 790 2235 E.
812 2169 939 2236 virosa
949 2219 964 2260 ,
984 2165 1186 2261 aethiopica.
1209 2209 1258 2220 -
1270 2169 1412 2238 Nomen
1431 2172 1503 2238 vim
1522 2169 1670 2240 indicat.

743 2283 794 2358 Ε.
811 2287 1005 2385 nereifirlia
1013 2342 1027 2380 ,
1042 2289 1251 2360 indica-e
1267 2291 1339 2361 Lae
1352 2292 1429 2385 ejus
1443 2291 1678 2387 desumptum
1692 2292 1946 2365 vehementem
1955 2311 2097 2368 canssat

700 2439 713 2472 ι
742 2407 904 2480 iaueinrn
923 2409 1100 2483 ardorem.
1116 2466 1125 2482 .
1141 2463 1150 2482 .
1166 2465 1174 2482 .
1201 2410 1402 2484 Adhibetur
1415 2412 1461 2482 ad
1473 2417 1704 2508 purgationes
1716 2415 2011 2488 vehementiores.
2025 2472 2034 2489 .
2050 2472 2082 2492 ..

701 2561 714 2593 ι
742 2529 880 2602 Oculos
896 2545 1069 2626 tangens,
1088 2535 1171 2604 illos
1183 2536 1297 2629 quim
1310 2537 1467 2607 matrimi
1485 2537 1690 2607 inflammat
1704 2551 1741 2608 et
1752 2538 1911 2610 tumidos
1928 2541 2053 2612 reddit.
2073 2573 2086 2606 ι

694 2648 881 2748 (nempe.
903 2655 938 2742 l·
962 2654 1054 2752 tul

741 2771 792 2843 E.
815 2768 1051 2868 tribulor'des,
1072 2779 1302 2847 canarieasis.
1321 2777 1593 2850 *Sodorihea

692 2927 696 2934 ·
740 2895 789 2966 E.
812 2897 998 2993 tr'rucalli,
1023 2901 1155 2972 ionica.
1184 2939 1234 2952 -
1255 2901 1308 2971 Ex
1338 2901 1431 2972 laete
1453 2903 1532 2996 ejus
1556 2901 1671 2972 oculis
1700 2901 1848 2973 admoto
1871 2901 2095 2998 ophthalmia

690 3019 902 3106 vehemens,
917 3035 953 3094 et
966 3023 1151 3094 intenditur
1166 3027 1318 3095 cecitas.
1338 3023 1526 3120 Ejusdem,
1541 3024 1692 3094 cuilibet
1704 3026 1826 3094 husae
1838 3027 1951 3106 misti,
1971 3025 2094 3098 drach·

691 3164 795 3214 mam
806 3147 959 3240 singulis
971 3145 1100 3217 diebus
1119 3161 1275 3217 sumunt
1286 3149 1368 3218 lndi
1385 3152 1422 3218 in
1441 3145 1647 3244 syphilitide
1661 3197 1671 3231 ,
1687 3159 1725 3217 et
1741 3145 1844 3228 inde,
1861 3150 1932 3218 nisi·
1946 3149 2093 3218 morbus

692 3269 851 3339 nimium
874 3271 1142 3356 inveteraverit,
1170 3274 1266 3366 stupe
1280 3284 1476 3355 curantur,
1498 3285 1665 3342 narrante
1682 3269 1870 3340 Sonuerat.
1896 3271 2093 3342 Lacetiant

692 3393 857 3462 coctione
875 3393 1068 3484 spissat‘mn
1081 3399 1095 3474 ‚'
1114 3393 1158 3462 ad
1173 3393 1367 3465 catharsim
1382 3407 1445 3464 aut
1459 3396 1609 3464 emesim
1623 3369 1812 3476 ciendam,
1831 3405 1988 3464 servatur
2003 3419 2014 3474 ς
2031 3391 2094 3464 sed

650 3532 651 3535 ’
692 3512 712 3580 ὁ
730 3510 881 3582 remedii
899 3513 1068 3582 violentii
1085 3515 1301 3608 periculum.
1328 3514 1524 3610 (lineycl.)

741 3631 792 3702 ln
812 3631 1029 3726 Euphorbiia
1050 3636 1216 3730 plurimis
1239 3628 1343 3708 caule
1365 3641 1467 3709 tereti
1493 3659 1559 3707 neo
1585 3657 1759 3717 carnoso,
1784 3634 1952 3729 'equibus
1970 3637 2091 3706 multu

691 3752 876 3826 herbaceae
894 3758 932 3824 in
955 3761 1106 3851 regione
1124 3759 1207 3854 plhs
1232 3759 1397 3830 minis-i
1422 3759 1574 3851 tropicis*
1591 3762 1728 3826 remota
1755 3754 1941 3840 habitant,
1963 3779 2091 3832 succus

692 3891 832 3960 exstat,
860 3881 976 3950 multo
1003 3881 1155 3974 quidem
1174 3884 1302 3954 minhs
1319 3905 1400 3953 acer
1417 3893 1451 3951 et
1470 3882 1652 3974 copiosus,
1670 3877 1733 3948 sed
1755 3877 1915 3972 ejusdem
1939 3891 2086 3948 natorae.

692 3999 787 4069 Hinc
818 4001 868 4069 vis
897 4001 965 4070 illis
995 4024 1138 4096 semper
1166 4005 1380 4084 stimulans,
1410 4004 1662 4071 radicantem
1691 3997 1808 4068 modis
1840 4001 2087 4082 manifestata,

689 4135 805 4215 prout¹
824 4109 866 4190 ni·
887 4126 993 4193 ratiis
1017 4137 1079 4194 seu
1107 4125 1321 4220 speciebus,
1347 4147 1416 4196 seu
1435 4123 1598 4218 ejusdem
1616 4123 1745 4217 speciei
1765 4122 1949 4215 paulibus,
1968 4124 2091 4217 explo-

690 4256 800 4314 rator.
837 4245 940 4344 hlunc
970 4250 1069 4316 enim
1093 4249 1288 4341 sepissime
1313 4251 1479 4344 purg-atio
1506 4235 1615 4317 etism
1639 4247 1773 4327 nimia,
1795 4265 1894 4314 nunc
1910 4248 2088 4327 vomitos,

691 4386 791 4438 nrtuc
810 4369 923 4439 sudor
939 4381 1121 4450 movetur,
1147 4369 1203 4444 ltis
1226 4373 1395 4464 ingestis,
1421 4372 1498 4452 vel,
1519 4369 1649 4439 iisdem
1673 4369 1886 4464 applicatis,
1909 4367 2089 4462 phlogosie

693 4501 754 4556 aot
772 4491 952 4560 recitatio.
975 4489 1073 4558 Inter
1090 4491 1222 4561 multas
1241 4491 1411 4584 quaedam·
1425 4490 1570 4560 tantiam
1589 4488 1649 4558 hic
1666 4487 1913 4561 memorandae
1931 4515 1945 4559 ε.
2051 4573 2053 4578 Ι

741 4591 1133 4704 E.·lut'l171·is‚herba
1158 4635 1398 4706 europeam,
1425 4613 1531 4704 reigo
1558 4592 1722 4708 Epurge.
1749 4650 1794 4664 --
1823 4611 1986 4694 Semina,
2009 4632 2088 4707 qun

610 4805 614 4813 ,
691 4730 802 4825 vulgo
820 4731 1029 4830 daraputioe
1055 4737 1205 4806 nrinoris
1228 4715 1422 4818 dicuntur,
1449 4735 1482 4804 vi
1504 4734 1662 4806 drastict·
1681 4735 1924 4830 valent,·qooe
1949 4737 2089 4830 eriperi-
