4756 6014
927 710 1053 810 (7⁵)

283 867 513 962 temperatis,
532 876 568 937 et
585 885 666 960 quae
688 863 763 938 sole
780 865 1005 958 tropicarum
1031 860 1233 936 caluerunt.
1269 857 1354 934 Hec
1375 863 1501 934 omnia
1526 865 1562 933 in
1584 883 1689 936 comn

281 991 440 1084 paratirt
466 989 597 1059 virium
622 987 882 1068 aestimatione,
914 989 1025 1082 inque
1059 985 1315 1081 experimentis
1346 981 1525 1080 agendis,
1559 983 1687 1058 seduld

284 1107 515 1184 attendenda.

329 1232 615 1330 Euphorbiaceis
648 1233 775 1328 paucis
804 1227 894 1302 odor
918 1247 1097 1326 saporque
1129 1231 1379 1310 aromaticusr
1408 1228 1572 1324 plurimis
1602 1227 1690 1300 odor

284 1377 383 1428 nunc
402 1355 523 1428 nullus
543 1403 555 1438 ‚
575 1375 675 1426 nunc
699 1375 896 1428 nauseatus
916 1354 1121 1435 virosum,
1146 1369 1254 1446 stpor
1273 1350 1403 1447 saepitls
1428 1351 1517 1422 acris
1537 1361 1573 1420 et
1596 1371 1690 1444 pun·

284 1501 383 1576 gens.
402 1477 597 1566 Quadam,
616 1491 657 1550 ut
670 1477 850 1554 Acidoton
866 1477 1084 1572 diversaeque
1098 1475 1236 1570 'tragte
1252 1487 1318 1545 aut
1333 1472 1515 1570 latroplre
1529 1475 1688 1570 species,

284 1602 366 1700 pilia
382 1600 532 1676 horrent
549 1603 611 1699 qui
629 1603 810 1698 liquorem
827 1623 948 1674 acrem
961 1611 1179 1683 excernant,
1195 1617 1416 1694 sensumque
1436 1599 1688 1692 outipuncta,

286 1725 408 1820 urticae
425 1726 561 1810 instar,
577 1725 806 1820 imprimunt.

334 1845 464 1919 Cortex
483 1849 660 1920 variarum
684 1845 852 1918 Crotonis
878 1847 1080 1941 specierum
1107 1844 1252 1916 tantiam
1281 1845 1520 1928 aromaticus,
1547 1838 1633 1917 inte
1651 1841 1690 1913 in

283 1967 429 2063 potibus
446 1969 544 2061 grate
564 1967 834 2040 stimulantibus
853 1979 916 2038 aut
932 1967 1142 2038 vulnerariis
1159 1965 1396 2038 conficiendis
1418 1968 1582 2038 usitatus.
1605 1963 1688 2042 Cas·

285 2089 414 2162 earillae
428 2092 538 2162 virtus
556 2091 727 2174 similior,
744 2089 807 2164 scd
826 2092 901 2187 jam
919 2093 1033 2184 magis
1049 2089 1178 2162 valida.
1201 2087 1259 2164 Sic
1276 2111 1380 2185 agere
1394 2110 1539 2188 quoque
1559 2087 1689 2164 riden-

286 2225 345 2284 tur
357 2211 463 2285 flores
476 2207 752 2298 nonnullarum,
767 2213 890 2286 Catari
902 2211 1074 2309 spicissori
1085 2213 1183 2288 vorbi
1195 2215 1326 2310 gratie,
1347 2225 1389 2286 ut
1398 2215 1542 2310 corpori
1553 2211 1690 2286 solum·

288 2331 400 2410 modo
418 2345 549 2408 tonum
567 2333 716 2406 addant.
834 2393 857 2428 ι,
889 2414 893 2426 1

335 2457 416 2530 Non
437 2477 562 2552 peuce
587 2469 674 2528 runt
691 2480 772 2552 quae
797 2477 929 2530 renum
945 2455 1109 2530 laborem
1126 2457 1338 2540 stimulent,
1360 2470 1401 2530 ut
1420 2457 1570 2554 quidam
1584 2456 1691 2554 Pnyt-

287 2579 425 2665 tancti,
451 2580 537 2654 folia
563 2581 782 2654 Mercurialis
805 2603 958 2666 annuae,
978 2581 1081 2654 radix
1106 2581 1225 2654 llicini
1251 2583 1478 2664 communis,
1504 2595 1572 2655 cto.
1597 2581 1692 2654 Mul·

287 2715 340 2776 tas
369 2705 539 2800 praetersd
568 2689 692 2778 contra
717 2705 919 2800 hydropem
946 2706 1060 2778 valere
1091 2719 1254 2778 auctores
1280 2719 1486 2792 testantur,
1508 2729 1572 2782 seu
1604 2702 1691 2778 inde

290 2827 537 2922 absorptioni,
563 2849 625 2898 seu
651 2830 764 2898 urinae
786 2829 975 2899 secretioni
1000 2829 1170 2898 faveatur.
1193 2827 1403 2920 Phyllanthi
1427 2827 1536 2901 iidem
1557 2847 1693 2902 emma

289 2953 430 3046 uagogi.
452 2949 584 3024 Cortex
607 2952 769 3046 plurium
793 2949 1022 3034 Caelanum,
1049 2950 1190 3044 lignum
1216 2949 1383 3024 Crotonis
1406 2949 1496 3044 tiglii
1517 2963 1553 3022 ct
1572 2951 1693 3034 Buri,

288 3077 373 3148 lolia
391 3073 555 3172 ejusdem
585 3088 620 3146 et
649 3072 765 3148 Cicce
797 3071 986 3160 disticho-2,
1014 3072 1303 3172 Euplrorblatque
1323 3074 1469 3157 multe,
1488 3083 1585 3156 eto,
1616 3098 1694 3146 me·

288 3209 480 3268 morantur
497 3207 537 3268 ut
555 3195 771 3280 sudorifica,
795 3210 857 3268 aut
881 3209 1007 3268 contra
1024 3193 1271 3294 syphilitidcm
1298 3193 1604 3270 commendantur
1623 3222 1633 3266 r
1654 3209 1694 3266 ut

288 3305 442 3393 emetica
481 3332 638 3402 autem,
675 3317 774 3390 radix
809 3317 1128 3416 Euphorbiarum,
1159 3317 1337 3397 comum
1374 3337 1527 3402 succus,
1558 3315 1690 3400 inda,

290 3441 510 3516 Mercurialis
532 3443 717 3537 perennis.
739 3452 809 3514 etc.
836 3421 863 3510 lt
887 3441 1146 3541 purgantibus,
1164 3445 1261 3516 inter
1282 3443 1438 3540 plurima
1461 3467 1541 3540 que
1564 3445 1601 3516 ln
1624 3441 1694 3518 hot

289 3565 415 3640 ordine
429 3577 573 3638 exstant
584 3613 595 3648 ,
606 3585 892 3638 commemorare
901 3565 987 3636 satis
1000 3576 1055 3636 eat
1071 3564 1156 3638 totta
1173 3565 1264 3636 Buri
1277 3567 1607 3648 etllercurialium,
1617 3590 1697 3643 suo.-

288 3715 375 3764 cum
401 3688 646 3786 Euphorbioe,
669 3687 863 3785 commite,
887 3687 1020 3772 llurm,
1046 3689 1186 3760 semine
1209 3688 1356 3769 Ricini,
1383 3688 1550 3762 Crotonis
1574 3692 1693 3786 tiglii,

292 3813 403 3886 Ande
419 3863 429 3896 ,
448 3809 653 3905 latrophrn,
672 3823 740 3884 cte.
1364 3819 1368 3830 '

342 3935 464 4009 Multae
485 3931 616 4004 harum
642 3937 748 4026 parca
779 3933 888 4006 ctiam
917 3931 1189 4016 desiccatum
1216 3933 1293 4006 alie
1319 3945 1443 4008 autem
1472 3933 1562 4006 adeo
1588 3955 1697 4008 vess—

292 4079 422 4138 nose,
464 4065 504 4126 ut
544 4053 601 4126 his
632 4052 823 4150 nunquam
853 4053 1035 4128 medicina
1069 4059 1122 4128 uti
1153 4055 1313 4140 undeet,
1350 4053 1694 4152 quemadmodem,

210 4265 215 4278 ἢ
293 4179 449 4274 exempli
474 4181 608 4271 gratia,
636 4175 878 4274 Hippomane-
906 4175 963 4250 Sic
993 4181 1044 4252 ris
1073 4181 1234 4252 excitans
1256 4181 1296 4250 iu
1314 4177 1597 4274 Euphorbiaccis
1616 4201 1698 4272 gra·

294 4301 408 4376 dstim
432 4301 478 4374 ab
510 4302 718 4398 operatione
748 4301 897 4372 innoxii
924 4313 986 4375 aut
1011 4301 1118 4385 utili,
1142 4301 1188 4374 ad
1207 4302 1447 4400 periculosam
1471 4299 1697 4374 exitialemre

294 4429 433 4502 transit.

345 4553 490 4626 Venena
518 4571 560 4621 ex
590 4547 659 4622 hoc
684 4548 811 4621 ordine
837 4547 1028 4644 desumpta
1054 4548 1225 4644 pleraque
1252 4551 1347 4620 inter
1365 4549 1466 4620 aeria
1489 4544 1701 4620 collocanda

295 4672 560 4748 attendentur.
583 4670 683 4768 Sepla
700 4683 823 4772 tamen
842 4668 1019 4766 quiddam
1034 4669 1176 4744 accedit
1189 4671 1381 4749 narcotieir
1396 4671 1499 4765 cnjus
1514 4670 1565 4743 rei
1581 4689 1701 4740 exem·

208 4831 211 4840 v
294 4797 398 4893 plum
414 4797 452 4874 itt
470 4793 673 4898 l’lryllautis
691 4795 795 4870 ratiis
809 4805 846 4868 et
859 4793 1045 4870 nonnullis
1063 4792 1347 4888 aliispisocm,si
1360 4814 1462 4888 aqua
1477 4793 1696 4886 injiciantur,
