4752 6020
908 637 1036 736 (or)

867 827 1071 878 consumta.

320 973 369 1044 P.
390 973 620 1047 corniculata
637 998 701 1048 seu
718 973 1017 1075 sajosBaguala
1035 976 1195 1073 Rumph.
1224 976 1325 1050 Circa
1347 975 1442 1050 aedes
1467 977 1670 1074 plantatur,

275 1092 362 1167 edm
380 1099 457 1192 ejus
474 1099 559 1172 folia
577 1113 719 1196 gratum
738 1099 992 1174 acdelicatum
1010 1099 1193 1197 praebeant
1211 1101 1290 1173 olus
1309 1125 1393 1174 cum
1413 1101 1561 1197 Calappi
1577 1101 1673 1196 lyrn-

271 1215 522 1312 phtcoctum.

895 1369 1043 1420 RIClNUS.

326 1517 372 1588 R.
399 1521 628 1604 communes,
652 1520 760 1614 sulgd
780 1517 945 1594 Palma·
959 1501 1118 1613 Christi,
1145 1518 1250 1590 arbor
1277 1517 1430 1589 herboso
1462 1541 1674 1614 europaeana

277 1641 461 1722 australis.
478 1640 626 1726 indica,
651 1641 827 1724 africana,
846 1654 914 1712 etc.
936 1639 1147 1712 -Semina
1166 1638 1302 1735 hujus,
1326 1663 1407 1736 quae
1430 1641 1535 1734 vulgd
1564 1641 1676 1712 Cato-

271 1762 389 1856 putt'oe
405 1766 555 1860 majores
576 1762 768 1844 dicuntur,
788 1764 868 1836 oleo
887 1761 1103 1846 abundant,
1127 1761 1223 1859 qnod
1245 1785 1342 1834 nnnc
1362 1766 1401 1834 in
1420 1788 1488 1836 usu
1507 1766 1678 1863 frequen-

276 1885 415 1956 tissimo
441 1898 505 1956 est.
537 1885 837 1962 Constatautem
857 1887 1020 1982 partibus
1040 1887 1135 1958 illius
1158 1887 1307 1958 seminis
1330 1883 1497 1970 diversis,
1525 1885 1677 1960 diversas

276 2010 394 2080 inesse
420 2013 532 2094 vires,
559 2010 760 2082 lenissimas
794 2010 931 2082 scilicet
963 2012 1209 2106 perispermo,
1242 2031 1340 2080 acres
1371 2021 1407 2082 et
1437 2011 1579 2080 nocivas
1607 2033 1677 2082 cae-

276 2133 398 2202 teris:
430 2131 529 2204 unde
559 2133 600 2202 fir
634 2145 674 2202 ut
706 2156 831 2204 semen
867 2145 986 2204 totum
1023 2143 1129 2228 atque
1169 2131 1290 2202 oleum
1325 2153 1369 2202 ex
1401 2143 1479 2203 toto
1514 2131 1678 2204 elicitum

283 2249 484 2324 admoddm
517 2254 718 2348 periculosa
751 2256 850 2338 sint,
883 2253 1037 2350 idedque
1070 2255 1090 2324 ὲ
1124 2253 1351 2326 medicorum
1383 2255 1485 2347 praxi
1518 2255 1676 2350 rejectae

275 2377 540 2470 perispermom
569 2377 651 2446 verd
676 2379 869 2482 septarptim
895 2389 930 2448 et
954 2377 1077 2470 oleum
1099 2398 1142 2448 ex
1168 2377 1246 2472 ipso
1264 2397 1476 2470 expressum
1501 2377 1676 2460 innoxia,

276 2496 432 2592 idedque
453 2499 696 2569 usitatissima.
729 2497 792 2569 His
818 2499 907 2570 olim
932 2499 1055 2570 minus
1078 2499 1252 2592 cognitis,
1280 2497 1398 2570 Ricini
1433 2496 1569 2569 diversa
1601 2498 1679 2569 laus

277 2620 345 2692 tuit
370 2621 466 2690 inter
490 2643 654 2708 venena,
681 2634 745 2690 aut
771 2619 952 2706 drastica,
979 2619 1288 2703 autcathartica,
1315 2632 1378 2692 aut
1400 2619 1555 2716 denique
1578 2621 1680 2691 laxa·
1760 2675 1763 2682 .

277 2744 347 2813 tiva
384 2741 649 2824 adnumerati,
687 2755 796 2838 prout
828 2766 953 2814 semen
987 2743 1124 2835 integre
1164 2758 1228 2814 aut
1271 2747 1404 2837 partim
1440 2745 1678 2832 sumebatur,

163 2911 168 2922 ·
279 2875 387 2960 atque
416 2864 495 2936 oleo
525 2875 686 2936 extracto
719 2863 739 2934 ὲ
773 2861 997 2942 seminibus,
1026 2885 1123 2934 nunc
1156 2863 1256 2958 prelo
1280 2864 1363 2959 plds
1386 2865 1552 2938 minusve
1582 2869 1678 2961 gravi

277 2985 468 3082 subjectis,
497 3008 598 3058 nunc
625 3007 710 3058 cum
740 2991 833 3082 aqut
860 2987 1064 3070 concoctis,
1090 2983 1172 3080 plds
1200 2985 1366 3058 minusve
1391 2988 1558 3082 principii
1588 2991 1677 3058 acris

275 3107 362 3180 ind'e
381 3111 520 3180 inerat..
537 3193 545 3206 Ι

326 3228 485 3316 Quidam
503 3230 651 3302 seminis
666 3181 948 3323 integumentis,
967 3228 1093 3314 idest,
1116 3243 1216 3302 testae
1238 3242 1273 3302 ct
1294 3231 1473 3326 pellicnlae
1494 3235 1677 3317 interiori,

277 3374 450 3448 magnam
471 3355 544 3424 vim
568 3351 752 3434 tribuunt,
781 3353 879 3448 quod
901 3352 1037 3448 duplici
1063 3354 1230 3450 exemplo
1258 3353 1478 3426 confirmant
1504 3380 1514 3424 ε
1544 3354 1681 3438 altero,

277 3474 439 3550 hominis
457 3475 520 3571 qui
539 3487 818 3570 superpurgatus
832 3497 935 3570 grave
952 3477 989 3544 in
1007 3477 1210 3572 periculum
1228 3475 1383 3559 incidit,
1407 3481 1544 3549 semine
1562 3477 1681 3550 Ricini

278 3621 364 3672 cum
382 3603 471 3668 testa
487 3583 650 3670 comesto
667 3623 678 3678 ς
701 3595 811 3668 altero
828 3648 837 3680 ,
854 3595 1127 3694 tramissoque,
1149 3597 1279 3669 eodem
1293 3621 1353 3670 eso
1373 3603 1450 3670 sine
1464 3605 1571 3682 testi,
1589 3601 1680 3672 nihil

279 3719 366 3792 mali
380 3732 524 3815 experta
538 3731 602 3789 est.
628 3717 821 3813 (Bergine,
837 3719 922 3790 Mat.
942 3718 1059 3814 med.)
1079 3718 1149 3792 Sed
1164 3720 1362 3815 antequdm
1379 3719 1463 3792 inda
1477 3719 1679 3818 quidquam

280 3843 378 3946 certd
396 3839 563 3912 concludi
583 3841 711 3934 possit,
738 3861 829 3933 opus
853 3843 925 3923 sit,
952 3852 993 3910 ut
1017 3839 1108 3912 mihi
1135 3839 1297 3926 videtur,
1322 3841 1435 3938 prob'e
1453 3856 1680 3940 compertum

279 3962 410 4036 habere
435 3985 557 4034 nonne
583 3965 634 4032 vir
660 3985 769 4034 suum
791 3985 915 4033 semen
931 3962 1113 4042 ‚dentibus
1131 3965 1292 4050 triverit,
1316 3987 1439 4036 nonne
1466 3966 1590 4035 contri
1618 3969 1684 4037 soe-

279 4089 380 4159 mina
399 4109 508 4156 sunm
527 4085 733 4156 nullatenus
752 4062 884 4156 tritum
898 4079 1112 4178 deglutierit.
1143 4083 1294 4156 Addunt
1318 4099 1441 4156 tamen
1468 4086 1577 4158 iidem
1596 4111 1683 4158 auc-

280 4221 398 4286 tores,
425 4236 438 4268 «
459 4209 487 4278 ei
505 4220 593 4276 testa
612 4203 795 4300 unguibus
814 4219 1018 4300 separetur,
1034 4203 1363 4278 inflammationem
1383 4207 1578 4302 digitorum
1596 4231 1681 4279 cum

288 4311 302 4394 i
330 4331 461 4424 insigni
477 4343 616 4400 tumore
631 4331 773 4403 enasci,
791 4327 889 4424 qnod
904 4351 978 4398 non
992 4327 1133 4400 videtur
1147 4329 1166 4399 d
1182 4330 1390 4424 fragmentis
1405 4331 1541 4424 exiguis
1555 4329 1683 4414 subtds

289 4481 301 4516 ι
330 4475 491 4546 unguem
510 4449 661 4522 detrusis
678 4449 902 4546 dependere,
922 4451 1055 4548 quippe
1075 4450 1235 4548 quaesub
1254 4451 1499 4549 exploratione
1520 4475 1592 4528 non
1612 4455 1682 4524 visa

290 4603 303 4636 ι
332 4586 439 4658 sunt,
461 4571 522 4642 sed
541 4571 586 4643 ab
604 4576 676 4643 acri
695 4571 839 4644 latente.
864 4603 878 4638 ι
907 4569 1044 4668 (Murr.
1066 4571 1101 4660 4.
1125 4567 1238 4666 202.)

335 4698 485 4772 Minime
507 4710 630 4770 autem
657 4696 768 4772 dubia
793 4698 843 4770 vis
869 4698 996 4770 nociva
1022 4695 1246 4790 embryonis,
1272 4717 1383 4792 quarn
1409 4693 1555 4794 Serapio
1575 4697 1686 4780 olim,

1482 4817 1523 4890 ιδ
