4682 6018
905 673 921 762 t
947 671 1033 769 77)

270 823 453 910 alcalinis,
479 819 826 896 ceruleo-violaceus
841 871 852 903 ‚
869 825 1008 908 ‚statim
1039 820 1085 892 nd
1113 821 1270 894 colorem
1306 823 1474 900 uotiuum
1497 817 1616 902 redit,
1645 817 1675 888 si

273 947 460 1042 quidpiam
479 945 572 1020 acidi
590 944 763 1026 addatur;
780 953 925 1039 paratur
939 968 982 1018 ex
1001 941 1230 1039 Crozophora
1251 945 1415 1022 tinctorio
1436 965 1499 1014 seu
1518 939 1675 1022 Crotone

274 1069 443 1142 tinctorio
461 1071 522 1152 L.,
542 1068 603 1140 sed
617 1078 652 1138 et
664 1069 701 1140 in
717 1065 935 1162 quibusdam
955 1066 1032 1139 aliis
1049 1079 1186 1141 exstare
1202 1064 1355 1146 videtur,
1372 1067 1467 1136 utin
1487 1063 1564 1134 aliis
1586 1059 1675 1136 Cro-

275 1187 465 1286 aophoris,
495 1187 651 1262 Crotone
675 1186 910 1284 tricuspidato
934 1200 970 1258 et
993 1187 1033 1258 C.
1056 1186 1435 1284 quinqueouspidato,
1458 1183 1675 1281 Argytham-

275 1313 364 1395 nin,
382 1311 539 1390 Ditaxis.
557 1310 719 1405 Claoxyli
737 1307 935 1404 speciebus.

322 1429 540 1505 substantias
557 1429 725 1528 quasdam
744 1429 960 1524 singulares,
982 1442 1022 1500 ut
1049 1435 1120 1526 qud
1144 1427 1329 1525 Stillingiae
1356 1429 1516 1502 sebiierae
1537 1431 1676 1502 semina

272 1556 527 1640 involvuntur,
546 1555 736 1652 pulvisque
755 1556 946 1640 coccineus
964 1576 1039 1650 quo
1059 1553 1195 1626 fructus
1210 1555 1573 1640 Rottleraetiuetoriae
1593 1575 1678 1626 eon-

273 1682 404 1774 spsrsi,
422 1677 481 1750 bic
498 1679 840 1774 praetermittentur,
860 1679 1036 1774 quoniam
1055 1681 1094 1748 in
1117 1678 1304 1775 speciebus
1320 1682 1435 1752 unicis
1454 1693 1675 1762 occurrunt,

274 1824 392 1898 neque
409 1801 493 1876 ideo
510 1801 741 1876 characterici
755 1804 793 1872 in
811 1801 938 1876 ordine
956 1815 1108 1897 possunt
1122 1805 1253 1876 vocari.
1444 1885 1449 1894 ,
1493 1886 1497 1896 Ι

322 1925 427 2000 Nunc
453 1925 707 2000 enumerandae
737 1938 824 1998 sunt
848 1928 984 2021 species
1005 1949 1133 1996 omnes
1151 1926 1284 2021 quibus
1302 1926 1421 2023 aliqua
1441 1931 1492 1998 ris
1519 1926 1563 2000 ab
1592 1949 1679 2000 aue-

274 2046 411 2120 toribus
435 2049 622 2130 tribuitur,
641 2069 704 2120 seu
732 2047 967 2123 confirmetur
984 2047 1118 2120 horum
1144 2050 1363 2120 testimoniis
1385 2050 1516 2122 virium
1539 2051 1578 2136 in
1605 2049 1680 2120 Eu-

274 2167 501 2268 phorbiaceis
528 2171 715 2266 analogia,
744 2172 817 2244 sire
844 2172 969 2242 contra
999 2171 1213 2258 infirmetur.
1237 2171 1330 2244 Antis
1361 2184 1483 2244 autem
1513 2169 1681 2257 animad-

273 2308 409 2369 vertere
435 2296 556 2380 decet,
574 2297 594 2368 ὁ
612 2309 687 2369 tam
707 2270 911 2366 numerosis
929 2293 1043 2391 'hujus
1068 2293 1204 2384 ordinis
1235 2295 1423 2392 speciebus
1443 2297 1679 2394 paucissimas

273 2416 420 2490 tantbm
435 2420 569 2513 species
590 2430 752 2512 expertas
769 2414 894 2489 baberi
909 2467 919 2502 ,
935 2430 971 2488 et
992 2423 1029 2487 in
1045 2415 1100 2488 his
1114 2420 1198 2512 ipsis
1216 2441 1290 2488 non
1309 2440 1451 2514 semper
1462 2429 1679 2512 partesque

273 2538 436 2612 maxime
460 2539 645 2623 vaierent,
668 2553 707 2610 nt
727 2563 879 2645 semen,
908 2541 1019 2615 foisse
1045 2539 1268 2638 exploratas,
1298 2552 1333 2628 et
1363 2563 1489 2625 earnm
1522 2539 1680 2636 deniqui

276 2681 356 2756 quar
378 2660 572 2756 explorata
596 2662 743 2734 inerunt
761 2664 835 2734 vim
853 2665 1013 2738 nativam
1039 2639 1225 2747 interdirm
1250 2661 1514 2759 praeparando,
1541 2674 1582 2734 ut
1598 2683 1681 2736 eoe-

273 2782 372 2854 tione
382 2833 393 2866 ‚
428 2783 562 2854 mutari
588 2783 763 2878 potuisse.

686 2949 704 2973 ”
801 3049 804 3057 ¹
855 2949 1063 3033 'scitust
1085 2953 1102 2988 ‘²
1141 2955 1143 2964 ’

321 3141 370 3216 Α.
401 3142 619 3240 eupumeni,
637 3139 750 3213 herba
769 3139 901 3214 indica.
932 3181 980 3196 -
997 3170 1014 3236 Ιιι
1043 3104 1161 3212 Radix
1177 3100 1261 3213 trita
1287 3153 1322 3216 et
1342 3100 1434 3233 cum]
1454 3143 1554 3242 aqua·
1566 3140 1681 3216 calida

281 3293 294 3328 ι
323 3277 525 3360 assumpta,
550 3261 745 3336 cathartica
776 3274 840 3333 est.
872 3263 970 3336 Folia
996 3267 1076 3335 trita
1105 3277 1251 3358 etcum
1281 3269 1503 3362 aquaepota
1520 3278 1681 3338 ventrem

284 3415 295 3452 ι
321 3387 455 3460 laxant.
486 3415 500 3472 s
527 3382 664 3480 (Reed.
696 3407 751 3458 ro.
785 3381 896 3480 161.)
1005 3470 1009 3482 ι
1429 3382 1434 3388 ’

798 3552 809 3674 ,“
883 3587 1066 3655 tornobott.

194 3827 200 3834 .
324 3765 373 3836 A.
405 3785 516 3836 urens
525 3809 540 3854 ‚
570 3761 688 3832 frutex
708 3761 950 3856 jamaieensis.
974 3797 1021 3816 -
1039 3759 1183 3854 Nomen
1202 3761 1222 3834 a
1240 3761 1474 3858 setis·.qnibus
1492 3746 1684 3860 instruitur

277 3889 484 3971 urentibus,
511 3907 555 3958 er
577 3882 644 3958 Sw.
679 3896 716 3954 et
744 3883 887 3958 Sloane.

711 4056 716 4118 ἶ
764 4084 767 4092 “
841 4066 1073 4203 simoninus.

343 4179 346 4187 .
465 4174 601 4214 ·=··r···
680 4181 696 4195 ··
807 4181 811 4199 ·
1168 4187 1185 4224 ιι
1259 4190 1263 4202 ¹
1338 4163 1369 4226 ἰ

324 4261 374 4338 Α.
404 4261 586 4336 ambianas
595 4313 610 4356 ‚
629 4206 733 4336 arbor
752 4208 968 4335 molncoana
983 4281 1099 4358 ,.quae
1120 4264 1158 4332 in
1176 4259 1295 4350 insuit
1312 4261 1514 4339 Bnrbonica
1532 4267 1682 4352 crescit,

278 4411 422 4486 quoqne
452 4391 657 4484 importata.
688 4415 701 4449 ι
733 4384 890 4457 Nucleus
920 4384 998 4480 ejus
1027 4385 1299 4481 sapidissimus,
1325 4386 1618 4483 aphrodisiaous,
1649 4401 1685 4462 et

287 4539 301 4576 ι
326 4510 437 4606 panib
459 4511 565 4584 nimis
584 4507 795 4602 indigestus.
820 4537 834 4572 s
857 4503 1081 4602 (Commers.
1103 4507 1216 4602 mss.)

329 4657 528 4728 Camirr‘om
556 4654 754 4753 Rumpbii,
779 4655 884 4726 arbor
907 4655 1111 4750 juvanensis
1141 4667 1177 4726 et
1203 4655 1447 4736 moluocana‚
1471 4657 1570 4728 eertd
1596 4679 1687 4728 con-

281 4803 403 4878 genea.
426 4811 439 4845 ι
460 4779 724 4863 Amboinenses
735 4777 885 4876 quidam
898 4777 1047 4854 nucleos
1062 4777 1193 4854 crudos
1206 4777 1408 4858 comedunt
1427 4801 1511 4854 oum
1527 4780 1688 4876 pauxitto
