4756 6014
913 695 927 792 t
955 717 1004 791 ²9
1028 689 1042 788 l

338 847 510 935 Arbores,
532 849 698 930 lrutiees,
718 845 922 918 subrutices
938 856 1000 914 sut
1017 841 1148 912 herbe.
1168 841 1264 911 Folia
1287 841 1447 922 alterna,
1467 838 1683 935 stipulam,

287 969 364 1041 bosi
381 973 474 1066 sepe
494 969 741 1066 2·glandulose
756 1017 769 1052 ,
785 971 920 1060 integra
937 1017 948 1048 ,
975 975 1106 1038 serrata
1123 976 1187 1034 cut
1203 962 1324 1034 lob'ato
1341 1013 1351 1044 ,
1374 983 1473 1034 nunc
1487 959 1685 1056 squamulis

291 1095 465 1184 argenteis
492 1094 689 1172 auretium,
713 1111 811 1160 nunc
829 1088 910 1182 pilis
934 1085 1104 1168 stellans,
1127 1085 1325 1179 presertim
1346 1083 1495 1167 subtbs,
1514 1096 1687 1178 punctats

290 1223 353 1281 aut
378 1210 518 1296 obsita,
546 1210 716 1292 ramulis,
740 1207 977 1322 pedunculis,
1006 1205 1198 1287 calicibus,
1222 1205 1449 1299 capsulisque
1472 1203 1686 1299 plerumque

289 1335 454 1406 similiter
481 1334 722 1430 squamulosis
749 1343 811 1402 aut
836 1329 970 1428 pilosis.
999 1329 1117 1400 Flores
1141 1327 1220 1400 laxe
1243 1339 1305 1398 aut
1335 1327 1445 1398 deuse
1461 1325 1631 1422 dispositi
1649 1327 1685 1396 in

290 1457 397 1550 spicis
414 1458 629 1540 racemisre,
656 1453 862 1525 exiliaribus
882 1464 943 1524 aut
961 1450 1090 1546 soepiirs
1107 1449 1380 1534 terminalibus,
1401 1473 1501 1520 nuno
1521 1447 1688 1521 brevibus

289 1577 518 1676 capitulaque
537 1577 814 1657 aemulantibus,
835 1598 933 1646 nunc
951 1575 1067 1668 longis
1086 1575 1274 1642 autetiam
1293 1573 1532 1666 longissimis;
1552 1573 1588 1642 in
1607 1573 1689 1668 qui-

288 1699 357 1771 bus
387 1701 518 1796 singuli
548 1700 748 1783 bracteati,
777 1719 876 1768 nunc
900 1718 1028 1767 omnes
1057 1693 1222 1790 ejusdem
1252 1701 1384 1776 seniis,
1412 1715 1510 1762 nunc
1537 1691 1689 1762 masculi

290 1821 469 1894 loemineis
495 1822 721 1906 intermixti,
744 1843 843 1890 nunc
868 1817 1064 1914 sepissime
1088 1815 1240 1892 masculi
1264 1817 1486 1910 superiores,
1504 1813 1691 1886 inferiores

290 1944 460 2016 ioemioei.

329 2139 389 2179 oss.
415 2117 482 2178 Sub
497 2119 627 2178 nomine
643 2117 817 2178 Crotonem
831 2119 951 2195 species
972 2113 1036 2179 lere
1060 2133 1118 2174 noo
1140 2114 1181 2174 ab
1201 2113 1382 2174 auctoribus
1396 2113 1570 2194 descriptos
1597 2113 1690 2178 Sede

287 2241 402 2304 genere
424 2241 511 2283 nuno
533 2223 671 2284 serenus
695 2221 938 2300 circumscripto
962 2221 1088 2281 circiter
1109 2217 1148 2279 so
1166 2219 1207 2280 ad
1225 2219 1289 2280 alia
1312 2217 1532 2298 depellenda,
1559 2221 1690 2281 totidem

286 2329 471 2410 imperiecte
489 2329 593 2391 edbbc
616 2330 774 2409 cognito,
798 2346 853 2389 roo
868 2329 953 2389 certe
968 2327 1065 2400 buius
1077 2330 1202 2406 generis
1208 2347 1217 2400 ;
1237 2329 1348 2387 multe
1363 2329 1515 2406 preterea
1529 2329 1560 2386 in
1576 2327 1690 2388 berbu-

287 2439 342 2497 n'is
356 2453 445 2497 nora
458 2445 490 2497 et
505 2435 643 2499 inedita
662 2438 733 2496 Veri
749 2437 901 2496 Crotones
914 2435 981 2496 iere
993 2451 1104 2495 omnes
1115 2436 1287 2495 enericsni
1305 2475 1313 2508 ,
1334 2432 1411 2495 cirrn
1429 2443 1613 2495 excentum
1636 2453 1691 2496 su·-

289 2543 455 2622 predictis
473 2541 598 2606 decime
621 2561 695 2625 pars
715 2547 843 2604 tuntum
862 2561 900 2602 ex
921 2544 996 2604 Asin
1022 2551 1056 2602 et
1073 2539 1176 2602 Airict
1195 2543 1340 2614 oriatur,
1359 2543 1391 2602 id
1407 2553 1473 2614 est,
1496 2561 1548 2604 sex
1572 2545 1691 2620 indici,

289 2653 480 2712 seiloneuses
488 2693 499 2722 ,
516 2652 814 2724 cocbincbinesses,
825 2669 879 2712 sex
888 2651 1211 2730 medegescarienses,
1227 2651 1411 2710 maurilioni
1426 2692 1435 2722 ,
1449 2649 1693 2724 bethunienses,

288 2775 437 2836 capenses
452 2757 723 2832 adnumerentur,
739 2762 881 2836 cumque
895 2759 978 2818 inter
998 2773 1094 2818 nevas
1111 2758 1231 2836 species
1244 2759 1294 2818 vix
1311 2775 1377 2818 une
1397 2756 1476 2818 mibi
1497 2777 1561 2818 uon
1578 2761 1692 2819 ameri-

287 2839 577 2922 cane‘occurrerit.
602 2863 687 2922 iuter
708 2862 859 2924 Crotones
880 2864 987 2922 rm‘ulm
1015 2863 1180 2940 cognitos,
1204 2863 1222 2922 b
1251 2862 1368 2940 quibus
1395 2866 1539 2945 plerique
1563 2885 1692 2947 quoque

288 2967 481 3038 americsni,
503 2965 606 3040 maior
626 2974 734 3026 tamen
753 2967 943 3046 respectirus
967 2983 1122 3026 numerus
1140 2966 1321 3044 specierum
1338 2967 1542 3028 asiaticarum
1560 2979 1592 3029 et
1614 2969 1692 3032 airi-

288 3088 454 3131 causrum.
476 3071 540 3132 Sed
559 3071 671 3150 ipsaeb
691 3071 882 3132 Crotouibus
900 3071 1093 3151 plerumque
1114 3070 1294 3151 discrepant
1315 3071 1507 3152 quibusdam
1523 3075 1635 3152 dgoir,
1657 3087 1693 3136 ut

287 3175 370 3237 loliis
394 3179 545 3258 utrinque
563 3177 704 3256 glabris,
729 3179 865 3258 pilisque
892 3177 1115 3258 simplicibus:
1132 3195 1205 3260 quse
1219 3177 1429 3259 discrepantia
1452 3199 1517 3242 nou
1536 3182 1612 3242 levis
1623 3192 1692 3256 est,

289 3289 365 3345 eum
380 3285 455 3346 folin
478 3288 543 3346 sole
558 3287 729 3365 sepissime
749 3287 780 3344 in
797 3283 845 3345 bis
864 3285 1102 3390 desqibentur,
1119 3303 1182 3346 non
1202 3288 1274 3346 risis
1289 3286 1436 3360 floribus,
1458 3296 1489 3346 et
1505 3289 1560 3370 pili
1579 3290 1692 3350 stellati

289 3391 506 3456 characterem
521 3395 627 3472 magui
648 3393 802 3452 momenti
823 3394 856 3451 in
878 3391 938 3453 boc
953 3409 1067 3472 genere
1081 3395 1292 3472 suppeditent.

328 3526 416 3586 Inter
429 3527 547 3604 speeies
566 3525 790 3586 eCmtonibus
806 3525 1030 3606 depellendas,
1051 3527 1161 3586 muitae
1183 3527 1215 3584 in
1243 3525 1304 3588 bric
1326 3527 1544 3589 dissertatione
1563 3529 1693 3588 diversis

287 3628 454 3708 generibus
476 3625 617 3708 (Savia,
640 3617 858 3708 Cruzopborn,
881 3627 1046 3704 Rottleru,
1069 3628 1255 3712 Codicum)
1278 3635 1508 3695 consociannu.
1537 3635 1614 3694 Aliae
1637 3653 1691 3694 su·
1805 3705 1813 3712 ,

288 3743 419 3814 pereunt
444 3735 642 3808 indicandas,
659 3753 796 3816 quarum
819 3737 967 3818 quendam
987 3744 1109 3796 exstant
1130 3735 1215 3795 unde
1237 3754 1318 3794 nora
1339 3755 1455 3814 genera
1474 3748 1531 3800 aut
1545 3742 1691 3802 instituta

288 3842 407 3904 suerint
421 3859 526 3922 neque
540 3850 666 3923 recepte
674 3884 686 3916 ,
701 3851 756 3902 aut
767 3844 830 3904 sint
844 3843 949 3904 iorsbn
962 3845 995 3902 iu
1011 3852 1174 3924 posterum
1191 3844 1392 3904 instituenda.

328 3973 447 4033 Croton
464 3972 692 4032 denticulatum
711 3973 817 4050 (lein,
841 3973 939 4034 herbe
963 3973 1105 4052 syriaca,
1126 3973 1206 4034 nibil
1227 3974 1313 4034 aliud
1335 3984 1383 4036 est
1403 3977 1463 4036 nisi
1485 3981 1605 4058 species
1627 3983 1692 4040 Eu-

261 4076 443 4164 'phorbire

329 4209 450 4270 Croror
464 4209 685 4290 eriorpermcm
701 4206 828 4269 Lamck.
843 4249 852 4282 ,
868 4209 1070 4284 brasiliense,
1084 4213 1176 4286 cuius
1189 4211 1264 4272 lolia
1280 4216 1442 4294 opposita,
1459 4213 1551 4275 flores
1570 4218 1668 4294 ignoti
1683 4257 1691 4285 ,

288 4316 460 4388 racemum,
476 4313 598 4375 fructus
616 4315 823 4388 3-loculuris‚
844 4317 954 4376 loculis
969 4319 1175 4398 polyspermis
1185 4360 1195 4390 ,
1213 4321 1335 4380 semina
1352 4322 1426 4384 land
1445 4321 1623 4384 rufescente
1639 4325 1691 4382 in-

289 4422 413 4492 voluta,
424 4423 618 4501 perispcrmo
634 4423 723 4484 nullo
736 4425 978 4498 tenuissime,
990 4425 1110 4486 recedit
1120 4426 1160 4486 ab
1173 4428 1434 4508 Euphorbiaoeis,
1449 4428 1576 4490 affinius
1586 4428 1689 4490 sorren

288 4527 453 4606 Trigunie.

330 4665 449 4724 Croror
466 4663 704 4746 microphyilum
723 4665 851 4726 Lemek.
868 4665 986 4740 ,herba
1004 4665 1198 4746 perusinus,
1218 4667 1251 4725 in
1268 4673 1332 4747 que
1345 4667 1439 4729 ssores
1460 4669 1623 4741 monteri,
1638 4686 1692 4729 on·

293 4770 335 4828 lir
362 4769 532 4849 5-partitus
547 4810 557 4845 ,
574 4771 679 4850 petala
703 4789 748 4841 o,
773 4773 910 4832 stamine
925 4771 943 4830 5
957 4771 1024 4832 bnsi
1046 4771 1267 4850 5-ginnduloss
1277 4813 1287 4848 ,
1313 4773 1381 4852 styli
1397 4775 1416 4833 3
1431 4773 1542 4848 billdi,
1564 4774 1695 4854 capsula
