4752 6020
918 624 1047 722 (95)

277 771 441 866 sirupum
460 783 522 842 aur
540 749 713 866 clysmata
729 793 772 840 ex
786 768 855 841 hac
873 771 973 841 melli
988 773 1191 843 consociata
1208 771 1359 844 laxativo
1378 773 1674 845 conficiebantur.

277 892 447 964 Linnaeus
469 893 569 964 illam
589 917 661 964 non
680 905 896 990 purgantem
914 893 1081 976 tantum,
1102 892 1164 965 sed
1182 891 1417 993 hypnoticam
1436 896 1545 980 dicit,
1566 897 1681 967 emol-

276 1015 497 1112 lientemque
527 1030 635 1111 negat
668 1016 742 1112 (M.
769 1041 819 1087 m.
851 1015 980 1114 247);
1010 1016 1180 1111 praedicat
1215 1017 1372 1113 denique
1403 1031 1444 1089 ut
1468 1018 1681 1091 diureticam

277 1136 644 1210 Desbois-Rochelort
670 1138 725 1235 (2.
755 1137 836 1234 ro).

324 1257 379 1330 M.
399 1257 546 1345 r'ndr'cn,
567 1260 694 1332 frutex.
712 1301 761 1314 -
782 1261 909 1333 «Folia
928 1263 1085 1334 recentia
1107 1261 1143 1332 in
1169 1261 1311 1356 jusculo
1329 1274 1431 1334 cocta
1452 1263 1579 1334 leniter
1594 1287 1683 1360 por-

286 1411 299 1446 «
325 1395 412 1477 gant
429 1384 564 1482 absque
582 1385 656 1454 ullo
674 1399 917 1482 symptomate
933 1383 1180 1480 precarendo.
1206 1416 1218 1449 i
1248 1383 1383 1480 (Lour.
1413 1410 1494 1482 77¹·
1512 1385 1526 1482 )

325 1503 380 1576 M.
402 1510 596 1602 perennis,
624 1507 736 1579 herba
760 1530 986 1602 europaeana.
1009 1549 1057 1560 -
1075 1505 1212 1578 Oribus
1238 1509 1364 1579 nociva
1385 1519 1421 1577 et
1442 1507 1606 1608 homiui,
1637 1533 1681 1580 ex

274 1627 426 1699 Linnaeo
448 1628 519 1725 (Fl.
539 1653 637 1703 suec.
655 1629 726 1702 360
738 1607 962 1726 ).·'Testante
976 1627 1131 1714 Sloane,
1151 1627 1247 1724 apud
1269 1628 1470 1726 quosdam,
1485 1635 1526 1700 ea
1541 1631 1681 1728 impru-

278 1751 404 1824 denter
434 1757 519 1836 esd,
546 1755 702 1826 vomitus
725 1751 956 1825 vehementes
980 1755 1236 1850 supervenere,
1261 1751 1434 1824 diarrhaea
1454 1753 1675 1838 immodica,

276 1873 372 1944 calor
396 1875 523 1969 capitis
551 1897 682 1959 urens,
702 1898 808 1978 sopor
834 1875 926 1947 altus
953 1875 1247 1970 diuturnosque,
1271 1887 1307 1946 et
1325 1873 1574 1948 convulsiones
1592 1899 1682 1974 quas

276 1997 387 2070 semel
404 2020 502 2068 mors
521 2012 714 2070 consecuta
732 2011 796 2070 est.
824 1999 905 2102 Non
931 2000 1012 2070 tutd
1033 1999 1166 2094 igitur,
1187 2001 1350 2096 quamvis
1372 1999 1538 2070 nonnulli
1557 2023 1682 2072 suase-

275 2120 373 2200 rint,
403 2117 472 2191 hoc
498 2123 685 2216 purgativo
712 2119 892 2192 medicina
917 2132 1050 2190 utatur.
1079 2119 1128 2210 ln⁸
1145 2117 1365 2217 quibusdam
1392 2121 1499 2206 locis,
1522 2123 1681 2196 salivatio

202 2292 204 2296 .
276 2265 421 2340 quoque
439 2267 524 2315 cum
543 2249 582 2316 ed
603 2246 688 2316 cieri
705 2243 855 2316 ridetur.

323 2363 521 2437 Verisimile
534 2380 588 2437 est
601 2367 744 2438 nocivas
758 2349 899 2462 partes',
920 2389 1023 2461 quae,
1039 2387 1082 2436 ex
1095 2367 1309 2460 praecitatis,
1328 2365 1466 2460 absque
1479 2365 1552 2436 ullo
1566 2365 1679 2439 dubio

273 2489 312 2558 in
339 2487 611 2560 llercurialibus
637 2491 893 2574 continentur,
922 2493 1088 2562 coctione
1114 2491 1247 2584 partlm
1273 2487 1471 2584 dissipari:
1498 2503 1606 2586 atque
1629 2490 1678 2561 itt

274 2609 485 2704 intelligitur
502 2633 574 2707 quo
593 2609 703 2682 modo
721 2611 899 2685 veteribus
917 2609 1095 2708 proolere
1114 2609 1223 2706 hujus
1242 2611 1381 2704 generis
1399 2614 1534 2706 specics
1552 2615 1590 2683 in
1610 2637 1678 2684 usu

274 2755 350 2804 esse
374 2735 556 2828 potuerit,
582 2735 915 2829 recentioribusque
941 2737 1104 2828 topicum
1133 2732 1320 2806 emolliens
1347 2736 1586 2832 suppeditare.
1619 2737 1677 2810 Sic

143 2897 146 2904 -
273 2852 473 2948 applicata,
502 2874 577 2924 non
605 2851 676 2922 ulla
704 2854 735 2922 ri
760 2852 932 2948 peculiari
959 2853 1123 2945 prolectd
1147 2851 1312 2946 prodest,
1337 2851 1400 2923 sed
1427 2853 1546 2926 solum
1575 2878 1677 2953 aquae

273 2983 343 3074 qua
369 2977 546 3049 imbuitur
565 2977 783 3072 prasentia,
807 2976 900 3046 sicut
923 2984 977 3046 tot
1007 2973 1075 3046 alia
1090 3068 1093 3076 .
1107 2999 1188 3074 quae
1214 2977 1251 3046 in
1277 2969 1385 3045 laude
1408 2974 1680 3050 lueruntcata-

272 3099 461 3197 plasmata.

874 3241 1067 3294 curuatas.

324 3467 368 3539 0.
395 3463 562 3538 trz'andra
575 3519 590 3562 ,
620 3465 724 3538 arbor
751 3464 1010 3559 domingensis.
1040 3467 1262 3538 ——Fructus
1287 3469 1364 3564 ejus
1391 3471 1486 3541 inter
1511 3473 1678 3544 nutritios

272 3563 511 3664 numerantur
528 3587 548 3658 a
567 3585 928 3682 Pouppd-Desportcs
949 3583 1024 3682 (Pl.
1050 3608 1102 3654 us.
1121 3583 1167 3657 de
1181 3583 1361 3660 St.·D'om.
1385 3589 1481 3688 244)
1502 3618 1512 3674 ς
1533 3594 1675 3676 nuclei,

271 3725 402 3785 nostrae
419 3711 588 3784 avellanae
605 3713 716 3782 instar
733 3712 838 3808 cujus
856 3731 992 3783 nomen
1012 3711 1049 3780 in
1064 3707 1133 3781 hac
1147 3710 1265 3780 insula
1284 3710 1472 3798 obtinent,
1493 3715 1675 3802 eduntur;

271 3850 307 3910 et
330 3835 510 3933 pectorale
537 3836 726 3906 continent
751 3834 873 3908 oleum
897 3835 995 3932 quod
1021 3832 1256 3930 amygdalum
1274 3833 1420 3908 dulcem
1445 3839 1482 3908 in
1505 3839 1676 3912 linctibus

201 4027 208 4040 ,
270 3960 434 4057 supplere
450 3960 583 4054 possit,
602 3981 645 4028 cx
659 3955 878 4028 Descourtils
900 3957 960 4053 (a.
980 3955 1066 4052 55).
1089 3955 1198 4028 addit
1212 3969 1335 4028 tamen
1355 3957 1454 4031 idem
1469 3977 1595 4034 auctor
1610 3961 1678 4034 hos

274 4085 444 4166 nucleos,
465 4085 557 4152 sicut
575 4079 701 4163 ssores,
720 4081 957 4174 astringentes
977 4071 1106 4150 esse'et
1125 4078 1329 4150 diureticos.

323 4199 366 4277 0.
393 4201 581 4286 dinndra,
614 4201 730 4272 frutex
759 4200 953 4272 antillanus
992 4213 1027 4270 et
1066 4202 1285 4294 guianensis.
1315 4241 1364 4256 -
1398 4201 1560 4276 «Caules
1589 4211 1677 4280 secti

279 4323 508 4423 «lympham
541 4345 713 4420 aquosam
744 4337 851 4418 gustu
881 4321 1076 4418 insipidam
1109 4322 1329 4407 effundunt,
1358 4347 1438 4422 qnae
1467 4337 1551 4421 pota
1578 4331 1676 4400 sitim

280 4481 292 4514 ι
321 4452 528 4546 compescit.
558 4479 571 4514 s
607 4442 739 4543 (dubl.
769 4445 880 4544 843.)
910 4442 1015 4518 Teste
1041 4445 1194 4531 eodem,
1222 4445 1297 4518 lobi
1328 4451 1476 4520 seminis
1506 4455 1673 4536 carnosi,

234 4643 241 4654 ,
275 4577 408 4658 crassi,
437 4571 655 4665 oleaginosi,
680 4569 865 4652 eduntur;
885 4569 946 4640 sed
965 4567 1109 4639 tantum
1127 4567 1286 4650 detracto
1304 4569 1525 4664 ombryone,
1552 4595 1597 4644 ne
1614 4597 1676 4646 ca·

275 4693 404 4768 tharsis
438 4695 585 4766 cieatur.
624 4691 698 4764 flac
733 4691 880 4788 quidem
917 4691 1043 4763 ultima
1076 4697 1160 4760 uota
1193 4687 1394 4784 Omphalea
1428 4717 1512 4764 cum
1544 4697 1683 4769 caeteris
