4752 6020
909 711 924 808 t
951 713 997 784 επ
1024 709 1037 808 )
1064 681 1072 696 ’

210 861 214 866 “
276 857 412 951 analysi
437 857 480 930 D.
504 857 730 930 Tromsdorff
742 909 752 943 ,
782 862 1015 931 continentur
1040 841 1167 930 oleum¹
1183 859 1344 942 volatile,
1372 865 1509 946 resina,
1537 864 1671 957 prioci-

273 981 375 1072 pium
404 1001 601 1063 amarum,
631 981 822 1074 murilego.
858 981 1068 1052 infunditur
1098 1003 1231 1075 aquae,
1267 985 1378 1066 rino,
1412 983 1566 1065 alcooli;
1599 980 1669 1055 hoc

272 1099 436 1170 infusum
457 1103 591 1172 catoris
617 1101 811 1194 potentius.
834 1099 952 1170 Pulvis
973 1123 1117 1194 quoque
1136 1113 1198 1170 aut
1214 1115 1413 1173 extractum
1435 1103 1512 1197 ejus
1539 1123 1671 1197 paran-

274 1230 354 1308 tur,
378 1233 414 1290 et
434 1201 565 1315 aquarn
587 1221 629 1291 de
648 1245 691 1290 eo
708 1221 918 1291 stillatitiam
936 1219 1073 1292 iudicat
1090 1219 1204 1291 codex
1225 1220 1579 1294 medicamentarius.

324 1339 522 1412 Cascariliae
538 1345 590 1412 ris
605 1344 725 1412 tonica
743 1355 778 1412 et
796 1344 966 1412 excitans.
997 1343 1107 1414 Doscs
1128 1343 1206 1434 cius
1223 1363 1336 1436 parce
1365 1340 1379 1435 (
1388 1343 1541 1437 poireris
1560 1363 1669 1433 gra-ua

273 1461 391 1546 6·ta‚
412 1467 577 1534 tinctura.
598 1477 707 1556 guttae
725 1464 793 1558 30)
814 1465 1000 1534 iacuitates
1018 1461 1205 1554 digestivae
1223 1463 1411 1538 stimularat
1427 1516 1437 1548 ‚
1455 1467 1670 1560 copiosiores

273 1597 390 1657 totam
414 1591 666 1660 oecouomiam.
693 1585 786 1658 Hinc
810 1591 908 1658 enim
932 1609 1057 1658 cursus
1078 1589 1264 1678 sanguinis
1287 1587 1452 1668 celerior,
1477 1587 1573 1658 calor
1594 1609 1670 1658 cor

271 1709 349 1800 pori
366 1706 533 1790 additur,
552 1710 644 1804 saepe
663 1710 773 1777 etiam
791 1707 1013 1802 diaphoresis
1030 1721 1091 1777 aot
1109 1705 1420 1780 haemorrboidum
1437 1707 1578 1791 fluxus,
1597 1721 1665 1779 eto.

273 1827 498 1902 Suadebatur
515 1833 662 1927 itaque,
681 1835 710 1902 si
727 1833 856 1902 tetricis
874 1855 964 1926 opus
988 1853 1065 1902 esse
1087 1830 1326 1924 judicaretur,
1354 1835 1394 1902 in
1412 1831 1604 1916 diarrhaea,
1623 1831 1672 1902 ie·

272 1947 468 2046 bribusrpoe
487 1952 714 2044 adyoamicts
727 1965 790 2020 aut
809 1951 1152 2024 intermittentibus.
1172 1965 1212 2021 ut
1229 1955 1370 2024 corticis
1389 1955 1573 2048 perurioni
1590 1977 1673 2024 eoc-

273 2071 447 2154 cedanea,
462 2073 793 2169 ipsiqoeiuterdirm
806 2073 1089 2145 consociabatue.
1109 2073 1235 2172 (Barb.
1255 2097 1289 2144 a.
1318 2073 1518 2146 12.-tlth.
1543 2099 1571 2144 r.
1587 2071 1666 2170 72.)

274 2193 380 2264 Nunc
397 2195 520 2265 minirs
538 2199 576 2266 in
596 2219 663 2267 usu
682 2211 746 2267 est.

322 2313 424 2386 Hauc
442 2314 592 2408 quidam
609 2315 741 2388 medici
759 2320 912 2387 virosam
935 2319 1229 2411 narcoticamque
1244 2319 1414 2411 suspicati
1437 2328 1522 2386 suut
1541 2315 1664 2412 (Peyr.

271 2431 370 2528 447)
386 2483 397 2513 ,
415 2434 514 2527 quod
532 2436 748 2506 coaiirmant
776 2439 963 2530 vertigines
987 2447 1023 2505 et
1042 2435 1192 2508 ebrietas
1214 2435 1347 2532 quibus
1364 2434 1548 2506 interdbm
1573 2435 1671 2507 labo·

271 2567 353 2624 rant
366 2556 427 2650 qui
443 2555 596 2650 puberis
613 2557 691 2652 ejus
707 2557 787 2652 pitis
804 2559 901 2654 justo
920 2557 1059 2630 addunt
1076 2556 1222 2638 tabaco,
1242 2569 1283 2626 ut
1300 2557 1422 2630 iomus
1442 2557 1519 2653 ejus
1539 2557 1603 2630 irat
1625 2555 1670 2626 ad

272 2674 480 2768 regendum
495 2679 635 2770 gratior.
660 2677 793 2772 (More.
815 2679 849 2766 ί..
875 2679 953 2749 ιδὸ.
977 2719 1021 2734 --
1035 2677 1139 2749 berc.
1168 2701 1197 2748 r.
1221 2677 1306 2773 ιδ.)

321 2867 463 2940 Caororr
483 2866 755 2962 balsomrserum
771 2919 786 2960 ,
806 2867 923 2939 frutex
941 2869 1145 2939 antiilanus.
1171 2907 1220 2921 —-
1237 2869 1535 2954 Martinicenses,
1557 2901 1570 2935 ι
1595 2877 1672 2970 qui·

281 3019 294 3054 a
321 2990 390 3062 bus
410 2993 504 3086 petit
520 2989 651 3058 haume
667 2993 738 3061 sire
755 2989 963 3061 balsamum
982 2990 1164 3086 pumilum
1181 3003 1330 3062 vocatur
1348 3044 1358 3078 ‚
1387 3017 1430 3064 ex
1454 2995 1579 3087 spiritu
1597 2997 1670 3066 vini

282 3143 295 3176 ι
323 3112 440 3184 adusti
465 3135 550 3184 cum
567 3108 636 3182 hac
660 3112 783 3206 plauti
808 3110 987 3182 destillato
1010 3111 1187 3206 liquorem
1213 3113 1413 3184 cousrciunt
1437 3116 1671 3209 spiritoosum

282 3239 527 3332 «mensisque
568 3234 763 3317 dicatum,
799 3211 857 3306 oui
884 3256 1020 3306 nornen
1053 3237 1255 3328 imposuere
1289 3259 1361 3305 cau
1390 3233 1437 3306 dc
1465 3251 1615 3306 mantes.
1649 3267 1662 3304 ι

277 3359 396 3456 (dacq.
420 3360 537 3428 rimer.
570 3357 678 3454 255.)
705 3357 841 3430 Soccus
866 3361 999 3454 spissus
1016 3370 1051 3428 et
1068 3357 1223 3430 odorifer
1243 3382 1287 3430 ex
1313 3357 1483 3431 omnibus
1509 3360 1670 3454 partibus
1732 3355 1735 3366 ’

274 3479 409 3550 fruticis
434 3477 537 3550 iucisi
561 3491 715 3550 manat:
738 3480 917 3575 similique
936 3491 1075 3550 scatent
1093 3476 1234 3552 Crororr
1258 3479 1563 3578 origoncjolium,
1588 3479 1670 3554 rdet

273 3607 417 3700 copodo
433 3601 669 3698 donu'ngerrpe
684 3615 957 3698 nuncupatum,
978 3599 1019 3672 C.
1041 3603 1185 3670 nr'vcum
1200 3615 1235 3672 et
1251 3601 1290 3672 0.
1313 3607 1565 3673 aromaticum.

322 3723 445 3794 Plures
468 3723 637 3817 praetereit
665 3720 829 3793 Crotonis
856 3722 991 3816 species
1009 3721 1105 3817 apud
1123 3722 1350 3793 Brasiiienses
1370 3737 1494 3794 coutra
1524 3727 1671 3798 morbos

274 3847 495 3942 syphiliticos
515 3869 614 3916 nunc
639 3868 772 3939 magno
789 3848 826 3914 in
839 3868 914 3916 usu
932 3869 1032 3930 esse,
1050 3845 1211 3940 profectd
1238 3859 1279 3916 ut
1296 3845 1529 3930 sudoribcas,
1550 3850 1672 3920 retulit

274 3969 424 4040 mihil).
448 3968 536 4062 Aug.
558 3967 603 4036 de
617 3966 871 4038 sator-nitatis
891 3965 961 4064 (r).

315 4312 363 4393 (r)
387 4315 474 4373 idem
496 4315 528 4370 in
546 4314 691 4392 piurimis
704 4310 950 4391 Euphorbiaceio
967 4313 1137 4376 observatu
1154 4313 1220 4374 vim
1235 4317 1305 4394 plirr
1323 4316 1467 4375 minusve
1480 4315 1670 4374 excitantem

270 4429 301 4480 et
317 4415 517 4498 frequentem
530 4421 740 4478 acritudinem
754 4417 961 4478 confirmarit.
980 4421 1072 4494 Haec,
1089 4429 1124 4480 ut
1139 4439 1321 4499 speramus,
1338 4423 1450 4482 meiius
1468 4421 1621 4499 patebunt
1638 4423 1671 4480 in

270 4526 442 4604 expectatis
456 4523 650 4582 celeberrimi
668 4525 904 4601 peregrinator-is
919 4525 1082 4602 operibus,
1100 4543 1172 4604 quae
1185 4524 1243 4584 boc
1255 4527 1351 4586 modo
1358 4565 1369 4596 ,
1382 4533 1420 4585 ut
1432 4527 1586 4587 botanicre
1598 4528 1670 4606 piu·

272 4633 375 4702 rima,
388 4632 433 4691 sic
447 4631 595 4710 quiedam
611 4639 642 4692 et
656 4630 824 4692 mediciuae
841 4630 990 4692 discenda
1006 4639 1157 4710 poterunt
1171 4630 1327 4693 exhibere.
