4770 6012
1348 667 1477 764 (98)

717 813 749 884 J.
768 813 908 890 Bauhin
922 867 931 901 ,
947 815 1149 898 Hermann,
1165 814 1347 910 Geoffroy‚
1361 816 1632 898 indicaverunt,
1649 828 1684 886 et
1697 817 1820 912 postea
1834 815 1855 885 J
1858 818 1976 888 nssieu
1994 817 2007 914 (
2017 815 2112 912 392)

717 937 880 1032 pluribus
908 937 1105 1032 exemplis,
1125 936 1271 1030 Deyeux
1298 940 1401 1008 certis
1427 940 1705 1032 experimentis,
1729 938 1997 1009 confirmavere.
2021 937 2114 1009 Huic

717 1060 918 1132 tribuendae
941 1073 994 1130 tot
1019 1059 1063 1130 ab
1091 1060 1297 1132 auctoribus
1325 1074 1637 1144 commemoratae,
1665 1083 1709 1132 ex
1735 1083 1803 1130 usu
1824 1059 1965 1139 Ricini,
1990 1081 2117 1154 super-

716 1184 956 1276 purgationcs.
980 1181 1099 1270 Quam
1119 1183 1167 1255 ob
1185 1207 1331 1256 causam
1354 1208 1504 1257 «semen
1524 1189 1647 1282 p'aucis
1662 1184 1781 1256 adbuc
1794 1185 1888 1256 retrd
1902 1185 2005 1254 annis
2019 1179 2116 1278 apud

724 1332 736 1366 ι
765 1317 927 1375 auctores
946 1305 1105 1378 medicos
1125 1308 1294 1402 nequitiae
1312 1311 1395 1376 nota
1411 1307 1711 1401 distinguebatur,
1731 1322 1766 1378 et
1779 1307 2006 1378 inllamn'rare
2023 1328 2117 1376 oeso·

724 1456 736 1488 a
764 1425 925 1520 phagum
945 1429 1283 1526 ventriculnmquc,
1309 1453 1460 1524 purgare
1483 1431 1676 1514 violenter,
1702 1430 1838 1502 febrem
1858 1450 2115 1525 syncopenque

723 1577 735 1610 a
763 1550 917 1620 excitare
943 1549 1149 1632 ferebatur3
1173 1549 1259 1622 hinc
1279 1555 1503 1623 mentionem
1527 1552 1691 1647 ejusdem
1712 1553 1833 1647 potitis
1855 1553 2043 1634 fecerunt,
2071 1547 2115 1620 ad

723 1697 735 1729 α
764 1669 850 1738 alios
869 1669 912 1740 ab
932 1694 999 1740 usu
1019 1671 1180 1766 ejusdem
1199 1673 1395 1752 arcendos,
1419 1674 1529 1769 quiam
1549 1673 1593 1743 ad
1612 1673 1784 1747 eumdem
1807 1673 2029 1746 alliciendos.
2045 1727 2052 1742 .
2068 1725 2101 1745 ..

722 1817 735 1851 ι
762 1789 839 1860 Hoc
854 1790 1056 1860 etiamnirm
1075 1805 1282 1888 suspectum
1301 1795 1407 1863 estin
1427 1793 1514 1864 locis
1532 1795 1665 1888 plantae
1682 1793 1906 1864 naturalibus
1932 1792 2113 1889 (Africa),

722 1937 735 1970 ι
763 1909 854 1979 aded
877 1923 917 1979 ut
939 1911 1017 1981 rard
1037 1912 1081 1982 ab
1103 1913 1230 1984 incolis
1250 1921 1423 2007 suspensa
1439 1937 1576 2000 manu,
1602 1914 1639 1984 id
1656 1927 1733 1998 est,
1750 1937 1866 1985 unum
1888 1915 1942 1984 vel
1963 1915 2115 1987 alterum

722 2059 734 2092 ι
763 2053 887 2102 semen
914 2051 1195 2118 commansum,
1219 2033 1372 2106 drastico
1395 2058 1503 2130 scopo
1529 2037 1724 2128 ingeratur.
1741 2089 1748 2105 .
1765 2089 1797 2106 ..
1825 2034 1951 2107 Haecce
1976 2039 2116 2132 experi-
2176 2063 2179 2068 ·

721 2183 734 2217 ι
763 2169 885 2226 menta
901 2160 977 2227 sine
991 2157 1101 2228 dubio
1116 2157 1160 2229 ad
1175 2183 1331 2232 errorem
1345 2182 1472 2232 ansam
1487 2147 1638 2245 dedere,
1656 2159 1754 2257 qudd
1768 2171 1844 2229 tota
1857 2163 1962 2255 stirps
1976 2183 2114 2231 veneno

722 2309 734 2340 ι
763 2277 903 2351 imbuta
917 2291 1009 2351 esset
1019 2294 1054 2351 et
1064 2293 1177 2364 tactu,
1191 2281 1279 2353 aded
1290 2285 1378 2378 quin
1388 2280 1561 2354 halitibus
1577 2281 1777 2377 umbraque
1791 2287 1854 2352 sua
1865 2282 2106 2368 infesta,etc.‚

714 2400 846 2496 (lllurr.
869 2402 904 2491 4.
935 2403 1126 2500 199·200)·
1151 2405 1285 2477 Ductor
1302 2403 1413 2475 Orfila
1436 2403 1494 2501 (2.
1521 2404 1593 2500 49)
1620 2403 1837 2501 quibusdam
1859 2407 2114 2500 experimentis

711 2529 786 2597 vim
800 2505 947 2597 seminis
962 2526 1125 2623 ejusdem
1144 2528 1359 2620 exploravit;
1379 2528 1477 2622 quod
1495 2528 1646 2599 canibus
1664 2530 1866 2620 ingestum,
1887 2539 1967 2623 post
1984 2529 2113 2600 virium

712 2646 976 2725 delectionem.
1002 2647 1220 2744 dejectiones
1239 2672 1393 2747 paucas,
1419 2663 1602 2747 stuporem
1625 2651 1705 2745 plds
1730 2651 1896 2724 minusve
1915 2651 2027 2722 altum
2053 2665 2116 2723 aut

709 2774 925 2864 vertigines,
944 2785 1100 2844 mortem
1127 2771 1305 2869 denique,
1325 2779 1466 2869 postera
1492 2774 1707 2869 plerumqu'e
1734 2774 1812 2856 die,
1840 2775 1969 2844 attulit.
1989 2773 2031 2844 ln
2055 2797 2116 2846 ca·
2180 2756 2182 2762 ’

713 2893 1065 2986 daveribus'autem,
1085 2905 1363 2984 intestinorum,
1384 2901 1447 2972 sed
1463 2902 1643 2998 praecipue
1662 2903 1748 2972 recti
1765 2951 1775 2983 ,
1794 2901 2007 2972 membrana
2025 2903 2115 2972 inte·

709 3027 779 3095 rior
803 3023 1093 3094 inflammatoriis
1113 3021 1504 3116 quibusdam-maculis
1525 3034 1587 3091 aut
1606 3019 1885 3091 ulcerationibns
1906 3033 2026 3091 notata
2053 3031 2116 3092 oc-

711 3148 820 3216 currit
835 3170 844 3226 ;
863 3145 912 3214 ita
930 3158 974 3214 ut
990 3143 1109 3214 Ricini
1127 3147 1266 3214 semina
1284 3144 1406 3215 locum
1429 3146 1487 3214 cni
1510 3143 1737 3239 applicantur
1761 3145 1918 3225 irritare,
1935 3155 1969 3212 et
1984 3139 2114 3214 deinde

712 3273 878 3365 absorpta
897 3257 1055 3362 systema
1075 3292 1266 3339 nervosum
1285 3268 1429 3339 turbare
1442 3267 1642 3339 videantur.

765 3392 818 3462 De
837 3390 916 3461 oleo
931 3391 1048 3460 Ricini
1059 3393 1262 3485 sicparato,
1279 3404 1319 3460 ut
1333 3387 1482 3484 cmbryo
1502 3391 1574 3460 lere
1589 3391 1747 3460 intactus
1761 3389 2000 3486 relinquatur,
2016 3387 2120 3484 quale

713 3514 809 3610 apud
848 3526 988 3585 nostros
1025 3511 1317 3610 pharmacopaeos
1345 3517 1464 3585 venire
1495 3513 1612 3596 solet,
1644 3535 1760 3606 pauca
1795 3509 1855 3583 hic
1893 3512 2112 3606 subjiciam,

712 3640 795 3735 quia
815 3637 893 3707 tdm
912 3638 1029 3708 lenius
1047 3651 1081 3707 et
1099 3641 1277 3734 principio
1292 3636 1650 3733 Euphorbiacearurn
1667 3637 1738 3706 acri
1761 3638 1863 3730 quasi
1878 3635 2111 3718 destitutum,

710 3763 832 3833 minias
856 3760 899 3831 ad
930 3765 1119 3833 materiam
1148 3784 1269 3832 meam
1297 3737 1437 3831 attinet.⁸
1459 3759 1615 3846 Quando
1641 3783 1774 3853 purum
1807 3770 1884 3839 est,
1909 3757 2006 3828 color
2036 3759 2112 3852 ejus

711 3885 960 3978 glaucesceus‚
984 3885 1125 3956 odoret
1150 3907 1255 3981 sapor
1275 3888 1330 3954 rix
1352 3884 1441 3971 ulli,
1467 3885 1698 3955 consistentia
1716 3882 1865 3976 limpida
1885 3885 2110 3977 viscosaque,

711 4012 860 4105 gravitas
883 4011 1017 4080 caeteris
1036 4007 1121 4079 oleis
1136 4007 1214 4076 fixis
1229 4007 1371 4102 major3
1393 4008 1518 4100 frigore
1537 4005 1590 4075 vel
1613 4007 1756 4075 intenso
1780 4027 1853 4073 non
1882 4003 2108 4096 congelatur,

709 4148 901 4228 totumque
928 4132 1062 4202 alcoole
1090 4130 1303 4202 dissolvitur.
1326 4130 1428 4201 Dosis
1448 4130 1524 4224 ejus
1547 4127 1669 4200 media
1691 4130 1807 4198 unciae
1832 4151 1867 4209 2,
1895 4147 1969 4195 non
1996 4123 2107 4196 semel

709 4257 858 4330 haustae.
892 4253 1046 4325 simale
1080 4265 1246 4347 paratum
1281 4265 1343 4322 aut
1374 4254 1481 4322 nimis
1510 4263 1691 4342 vetustum
1725 4262 1805 4330 est,
1833 4248 1960 4320 rubere
1982 4297 1991 4329 ‚
2016 4270 2099 4318 nau·

710 4404 853 4450 seosum
874 4380 968 4450 olere
995 4391 1029 4446 et
1054 4399 1132 4448 acre
1160 4398 1282 4472 sapere
1307 4387 1425 4470 potest
1453 4399 1461 4442 a
1490 4373 1552 4444 sed
1570 4375 1752 4468 puriorem
1775 4371 1818 4442 ad
1838 4383 1972 4442 statum
1990 4369 2108 4452 redit,

710 4504 912 4596 expositum
943 4500 1109 4570 lerrentis
1137 4521 1237 4594 aquae
1268 4498 1403 4577 calori,
1439 4519 1510 4592 quo
1541 4495 1761 4590 principium
1796 4493 1872 4588 ejus
1903 4515 1981 4563 acre
2012 4492 2110 4562 rola-

707 4625 769 4696 tile
796 4624 996 4720 dissipatur.
1027 4623 1227 4696 Arbitratnr
1254 4625 1363 4693 etiam
1394 4621 1436 4689 Ι).
1459 4618 1634 4690 Solimani
1658 4619 1792 4688 forent
1816 4615 1934 4687 llicini
1962 4614 2106 4696 oleum,

712 4744 842 4818 iterdm
869 4756 977 4840 atque
1001 4744 1132 4816 iteriun
1161 4744 1277 4815 lotum
1303 4745 1341 4813 in
1370 4746 1461 4838 aqud
1493 4737 1595 4811 acido
1614 4739 1785 4811 sulfurico
1803 4738 1926 4809 leviter
1942 4736 2108 4819 imbuta,
