4756 6014
296 701 343 718 -
352 701 359 714 ¹

296 703 1700 781 new

1012 772 1016 780 .

1375 853 1381 864 Ι

632 985 844 1091 PARS
896 985 1349 1108 SECUNDA,

825 1369 898 1422 ssu
928 1346 1150 1422 MEDICA.

739 1699 1235 1728 mmmwmmmmwbmm

290 1999 412 2132 Quon
434 2038 473 2106 in
493 2033 680 2106 ordinibus
701 2035 882 2134 plerisque
903 2039 981 2110 vere
1000 2037 1250 2122 naturalibus,
1273 2034 1343 2109 boc
1370 2035 1531 2110 maxime
1552 2037 1590 2106 in
1617 2035 1693 2106 Eu-

289 2157 517 2254 phorbiaccis
554 2156 786 2242 observatur,
817 2157 1041 2232 modicarum
1072 2161 1207 2233 scilicet
1241 2161 1372 2230 virium
1405 2158 1688 2232 convenientia:

292 2278 455 2378 adeoque
475 2281 667 2390 manifesta
684 2291 754 2363 cst,
782 2292 822 2351 ut
846 2304 927 2353 eam
955 2285 1132 2355 senserint
1153 2284 1341 2354 veteriores
1359 2283 1470 2352 etiam
1493 2277 1655 2351 botanici
1677 2325 1687 2361 ‚

290 2407 353 2500 qui
370 2405 477 2500 primi
494 2399 740 2474 methodieam
765 2402 961 2498 quamdam
976 2403 1183 2500 plantarum
1201 2401 1477 2500 dispositionem
1498 2409 1694 2498 praetenta-

291 2538 443 2609 verunt,
462 2523 524 2620 sed
543 2509 651 2598 dubie
671 2523 813 2608 adhuc,
834 2537 868 2597 et
886 2527 953 2596 iter·
970 2525 1084 2609 illud,
1107 2525 1237 2622 inquo
1264 2549 1363 2598 nunc
1387 2525 1526 2596 srrmids
1552 2521 1694 2595 incedi-

291 2671 393 2732 mus,
412 2671 586 2746 suspenso
604 2649 705 2744 quasi
723 2645 834 2742 gradu
848 2648 1086 2742 explorantes.
1108 2645 1246 2720 Omnes
1273 2649 1372 2720 enim
1389 2645 1485 2720 hanc
1503 2647 1694 2718 Tricocca-

289 2795 390 2853 runr,
409 2783 449 2841 ut
472 2782 617 2850 vocant,
637 2771 812 2840 familiam
832 2769 996 2840 nocivam
1014 2770 1271 2865 exitialemque
1290 2781 1467 2866 arguunt,
1487 2781 1523 2842 et
1544 2772 1691 2865 stirpes,

290 2917 530 2992 quaecumque
548 2890 635 2963 huic
661 2889 854 2961 referendae
879 2889 1066 2976 ridentur,
1092 2903 1274 2985 suspectas
1296 2889 1432 2962 habent
1455 2918 1464 2962 r
1490 2905 1598 2988 atque
1617 2895 1692 2988 ipse

288 3017 363 3116 jam
391 3015 634 3093 llorisonius,
665 3012 788 3084 multis
823 3035 897 3082 non
928 3011 1022 3082 male
1051 3013 1256 3108 conjunctis
1281 3015 1319 3084 in
1350 3013 1477 3084 eidem
1503 2994 1691 3098 sectione,

287 3141 405 3238 ipsam
424 3139 572 3210 nomine
588 3134 851 3232 purgatricium
863 3133 1138 3204 lactescentium
1156 3157 1271 3221 necne
1293 3133 1467 3228 designat.
1499 3133 1691 3230 Progressa

262 3337 265 3342 .
290 3277 413 3338 autem
426 3261 619 3356 temporis,
635 3271 675 3329 ut
689 3257 818 3330 melius
831 3255 941 3353 hujus
954 3255 1090 3330 ordinis
1105 3259 1296 3330 innotuere
1314 3256 1557 3342 characteres,
1577 3273 1691 3357 utque

291 3389 400 3460 crerit
416 3381 599 3454 continuis
617 3391 805 3450 auctorum
816 3379 1000 3450 laboribus
1014 3403 1190 3474 generum
1204 3384 1476 3480 specierumque
1496 3405 1690 3468 numerus,

288 3511 400 3582 virtus
418 3504 527 3578 simul
544 3523 671 3575 eorum
688 3505 802 3598 magis
821 3524 861 3572 ac
880 3504 1010 3596 magis,
1031 3505 1170 3598 quoties
1188 3503 1392 3600 explorata,
1426 3509 1531 3580 toties
1558 3507 1693 3580 conlir·

288 3647 385 3708 mata
403 3646 468 3704 est.
517 3613 521 3620 ⁵

338 3755 424 3830 uaee
449 3751 806 3852 Euphorbiacearum
831 3754 882 3823 ris
907 3749 951 3823 de
978 3757 1048 3847 qua
1077 3749 1255 3830 dicimus,
1274 3755 1311 3822 in
1330 3754 1500 3827 omnibus
1528 3758 1691 3853 ejusdem

290 3895 428 3957 naturae
445 3893 517 3962 est,
536 3877 696 3952 excitans
726 3875 881 3957 scilicet;
909 3875 1034 3946 verbm
1060 3897 1103 3945 ex
1133 3881 1274 3946 canon
1302 3881 1444 3972 sempe'r
1462 3901 1557 3950 unus
1584 3893 1692 3978 atque

290 4008 388 4082 idern
416 4005 575 4078 effectus.
607 4001 741 4071 Natura
771 4000 890 4082 eninr,
916 3997 1006 4070 ddm
1030 4010 1181 4070 cunctas
1199 3997 1362 4096 ejusdem
1382 3999 1526 4072 familiae
1549 4003 1692 4100 plantas

289 4127 548 4206 communibus
562 4121 781 4223 quibusdam
799 4123 984 4192 connectit
998 4124 1126 4216 signis,
1146 4123 1304 4217 singulas
1318 4121 1447 4194 iisdem
1461 4125 1557 4196 varie
1572 4126 1692 4200 modi-

287 4257 403 4328 beatis
412 4253 600 4344 distinguit
611 4276 621 4331 ς
633 4246 731 4344 quod
744 4245 788 4318 de
801 4245 1079 4342 proprietatibus
1093 4267 1220 4319 earum
1234 4246 1384 4343 proinde
1399 4270 1440 4321 ac
1457 4247 1501 4320 de
1514 4247 1692 4323 botanicis

288 4373 553 4452 characteribus
571 4371 722 4466 intelligi
739 4381 868 4466 potest.

336 4497 433 4588 Quid
458 4495 502 4568 de
529 4493 769 4566 medicatione
800 4494 972 4564 excitanti
997 4495 1136 4564 eveniat
1162 4493 1279 4589 primo
1306 4493 1623 4566 considerandum.
1654 4495 1692 4569 Si

289 4649 363 4700 non
378 4619 577 4695 admoddm
590 4615 785 4690 vehenrens
802 4629 838 4686 et
858 4613 935 4687 dosi
954 4613 1096 4686 modica
1119 4618 1322 4709 ingeratur.
1344 4617 1515 4714 pleraque
1533 4641 1689 4713 organa,

290 4749 392 4852 quasi
411 4743 558 4820 stimulo
580 4741 756 4824 admoto,
774 4739 890 4814 viride
915 4741 1028 4836 magis
1043 4751 1266 4812 exercentur.
1298 4737 1489 4840 Sanguinis
1507 4741 1692 4816 circulatio

1530 4883 1570 4932 ro
