4752 6020
931 691 1057 790 (⁸¹)

920 908 1064 959 CROTON.

346 1085 386 1156 C.
414 1083 585 1180 agilum,
620 1082 738 1152 frutex
767 1077 936 1160 indicus,
965 1081 1202 1163 aeilanensis,
1233 1085 1412 1164 cinensis,
1434 1083 1682 1156 moluccauus.

295 1245 343 1258 —
361 1205 517 1276 Cuilibet
544 1201 653 1294 buius
671 1203 802 1296 planta.
827 1203 919 1294 parti
943 1223 1074 1292 magna
1099 1206 1150 1273 vis
1169 1205 1284 1275 inesse
1301 1203 1466 1288 videtur,
1490 1203 1598 1276 radici
1622 1206 1687 1276 sci·

295 1325 401 1409 licet,
419 1326 536 1418 ligno,
561 1323 675 1405 loliis,
696 1320 756 1393 sed
775 1322 953 1416 praecipue
971 1321 1169 1394 seminibus
1187 1337 1222 1394 et
1240 1325 1319 1395 oleo
1336 1347 1379 1394 cx
1397 1322 1452 1395 his
1470 1347 1649 1419 expresso.

345 1446 461 1519 Radix
478 1445 629 1515 drastica
647 1456 700 1514 est
718 1454 753 1512 et
769 1444 807 1511 iu
819 1441 993 1512 Amhoina
1014 1443 1228 1538 Batavidque
1252 1443 1414 1539 by'drope
1441 1444 1687 1518 laborantibus

295 1567 392 1639 velut
409 1568 573 1661 specifica
591 1565 783 1636 adhibetur
796 1584 996 1657 paucorum
1015 1584 1209 1656 granorum
1228 1563 1316 1634 dosi.

344 1687 500 1780 Lignum
518 1689 596 1782 ejus
621 1713 635 1749 e
654 1686 749 1768 leve,
764 1686 1016 1780 spongiosum,
1033 1682 1209 1778 pallidum
1223 1737 1232 1762 ,
1245 1685 1414 1755 restitum
1440 1685 1572 1756 cortice
1593 1685 1688 1756 cine·

303 1838 317 1872 e
344 1831 404 1880 reo
417 1811 552 1903 saporis
569 1809 762 1902 pungentis
780 1819 815 1877 et
836 1807 1008 1886 colestici,
1034 1803 1152 1874 odoris
1174 1806 1323 1898 ingrati,
1340 1829 1525 1898 »panavoe
1541 1805 1682 1876 dicitur.

297 1929 399 2002 Dosis
416 1932 493 2025 ejus
515 1931 654 2024 parcior
679 1925 848 2000 sudorem
873 1938 1012 2008 meiset,
1033 1925 1209 2018 copiosior
1237 1938 1364 2019 purgat
1389 1931 1538 2020 utrdque
1564 1939 1686 2022 parte;

297 2048 359 2122 sed
374 2051 423 2120 vis
437 2050 552 2120 multd
571 2049 686 2142 major
701 2047 836 2118 recenti
856 2045 966 2140 qudm
985 2046 1092 2116 sicco.

346 2171 443 2242 Folia
464 2174 514 2242 sic
541 2173 632 2242 acria
654 2181 766 2250 sunt,
792 2182 832 2240 ut
849 2167 934 2240 inde
951 2191 1036 2248 «os,
1056 2169 1173 2253 labia,
1193 2171 1314 2243 fauces
1333 2170 1567 2242 inflammatae
1591 2173 1691 2242 intu-

304 2323 317 2358 ι
345 2305 526 2376 mescant,
544 2306 580 2363 et
594 2291 697 2363 ardor
710 2313 825 2388 usque
842 2289 887 2362 ad
906 2313 1016 2362 anum
1033 2293 1259 2386 percipiatur.
1283 2325 1296 2358 ι
1317 2291 1454 2390 (Murr.
1473 2293 1507 2381 4.
1532 2290 1637 2386 150.)

344 2414 556 2496 Seminum,
573 2437 653 2510 quae
667 2439 788 2511 grana
805 2413 968 2482 molucca
986 2425 1048 2483 aut
1061 2413 1164 2509 teglia
1182 2413 1291 2508 vulgd
1306 2425 1585 2510 nuncupantur,
1605 2435 1690 2484 usus

299 2541 519 2634 frequentior
540 2553 575 2610 et
599 2537 736 2634 jamdiu
765 2551 899 2619 notus;
923 2536 986 2608 sed
1009 2539 1046 2607 in
1069 2536 1235 2631 Europt,
1263 2537 1405 2610 casibus
1431 2537 1618 2610 nonnullis
1647 2559 1691 2608 ex

295 2662 517 2758 imprudenti
535 2661 714 2733 medicina
727 2663 829 2742 onis,
843 2661 994 2732 omnind
1011 2659 1242 2731 obsoleverat.
1262 2661 1366 2730 Nunc
1381 2658 1529 2730 tandem
1544 2679 1690 2731 renova·

295 2795 354 2852 tur
367 2782 591 2862 dBritannis‚
608 2779 740 2874 quibus
756 2803 874 2850 rerum
892 2778 1116 2862 indicarum,
1135 2797 1233 2850 nunc
1252 2781 1444 2874 imprimis,
1465 2782 1622 2874 cognitio
1640 2780 1690 2850 la·

296 2903 467 2974 miliarior
482 2913 518 2971 et
536 2900 671 2970 facilior
686 2901 917 2994 comparatio.
1497 2889 1499 2896 ’

342 3023 488 3096 Semina
518 3021 594 3092 baec
622 3043 723 3117 aquae
749 3021 881 3116 injecta
902 3023 1017 3116 pisces
1043 3023 1269 3094 interimunt.
1311 3021 1445 3094 Decem
1476 3038 1538 3095 aut
1565 3026 1690 3118 viginti

296 3147 433 3218 tructus
456 3143 628 3216 confracti
654 3154 798 3212 etcum
823 3141 929 3212 melle
955 3143 1075 3226 misti,
1102 3165 1213 3238 equos
1238 3143 1390 3216 modicae
1419 3157 1589 3229 stature,
1619 3147 1690 3216 citt

295 3291 339 3340 ex
357 3265 413 3340 bis
429 3263 600 3336 diarrhaet
617 3260 956 3347 vehementissima,
977 3261 1161 3336 iutcrddm
1175 3278 1414 3347 necaverunt,
1433 3279 1468 3336 et
1489 3267 1569 3338 tdm
1587 3268 1689 3359 signa

295 3390 457 3460 veneficii
483 3397 585 3458 crant
610 3387 741 3458 ventris
763 3386 947 3468 tormina,
971 3384 1136 3457 ciborum
1162 3389 1432 3482 inappetentia,
1460 3407 1551 3480 aeger
1576 3381 1690 3456 anhe-

295 3515 405 3594 litus,
434 3533 472 3580 0s
496 3529 669 3604 spumans
690 3557 701 3590 ,
726 3506 852 3577 dantes
871 3504 1074 3578 frendentes
1094 3557 1105 3590 ,
1135 3509 1261 3602 pulsus
1280 3511 1518 3590 arteriarum,
1541 3531 1690 3603 praser-

293 3637 360 3706 tim
392 3646 507 3704 morte
536 3633 609 3728 jam
638 3631 822 3726 propiori,
857 3651 984 3724 parvus
1009 3641 1045 3700 et
1079 3641 1294 3699 contractus.
1331 3629 1461 3724 (Orfil.
1500 3652 1532 3698 a.
1570 3629 1686 3726 113.)

292 3753 497 3828 Vehemens
523 3773 664 3845 semper
684 3751 704 3821 ὲ
725 3749 923 3821 seminibus
941 3751 1019 3820 sine
1041 3749 1112 3818 ulla
1138 3750 1396 3844 praeparatione
1415 3749 1529 3830 datis,
1555 3753 1690 3824 ventri-

295 3873 366 3944 culi
393 3873 719 3964 intestinorumque
736 3871 985 3942 inflammatio.
1009 3869 1134 3967 Itaque
1152 3873 1190 3941 in
1208 3871 1311 3942 India
1332 3921 1341 3956 ,
1362 3871 1423 3942 ubi
1442 3872 1690 3946 medicamen-

294 4007 374 4066 tum
388 3994 460 4066 ‘boc
479 4015 635 4092 purgans
653 3996 689 4063 in
709 4015 775 4063 usu
797 4007 873 4075 est,
897 4015 969 4063 nou
989 3993 1208 4064 adhibentur
1235 3997 1303 4064 nisi
1327 4007 1419 4065 tosta
1439 3996 1580 4088 primd,
1615 4019 1688 4092 quo

235 4145 238 4154 ’
294 4119 388 4190 tacto
406 4129 608 4187 removetur
624 4128 732 4197 testa,
748 4115 897 4186 nucleus
917 4116 952 4184 in
970 4117 1153 4210 pulverem
1168 4116 1339 4210 redigitur
1351 4129 1386 4188 ct
1402 4117 1583 4211 paulisper
1600 4118 1689 4188 leni·

291 4251 351 4310 tur
369 4239 575 4308 acrimonia.

340 4357 471 4430 Oleum
504 4381 547 4428 ex
573 4353 630 4428 bis
659 4357 828 4441 elicitur,
858 4359 916 4428 cui
941 4357 1039 4428 color
1065 4357 1208 4443 luteus,
1236 4357 1325 4431 odor
1349 4363 1405 4431 vix
1431 4358 1558 4442 ullus,
1582 4382 1686 4457 sapor

292 4483 406 4559 accisa
429 4503 508 4573 quaa
531 4491 652 4550 tamen
679 4481 811 4550 variare
835 4491 1012 4573 possunt,
1045 4481 1244 4550 seminibus
1273 4481 1354 4576 plus
1377 4481 1542 4552 minitare
1572 4493 1686 4554 torre·

295 4603 407 4673 iactis.
438 4600 531 4670 cum
558 4601 668 4672 aether
690 4615 725 4670 et
756 4600 1048 4672 terebenthinum
1070 4603 1191 4672 oleum
1217 4615 1334 4674 totum
1361 4603 1430 4672 boc
1460 4603 1684 4688 dissolvant,

296 4726 420 4818 purius
444 4725 687 4819 sinceriusque
716 4723 962 4808 obtinebitur,
987 4727 1017 4800 si
1043 4726 1249 4818 digerantur
1273 4727 1310 4796 in
1335 4723 1392 4796 bis
1422 4727 1615 4798 menstruis
1632 4747 1690 4796 se·

1455 4869 1491 4918 ιι
