4752 6020
1310 678 1326 776 l
1351 683 1394 754 δ’
1423 679 1438 776 )

597 839 604 852 “
673 834 798 914 mina,
827 830 937 924 quint
964 832 994 899 si
1020 827 1040 898 ὲ
1062 828 1162 899 tostis
1188 836 1224 896 et
1245 826 1479 918 compressis,
1506 832 1547 892 ut
1563 822 1603 892 fit
1620 826 1657 894 iu
1677 821 1805 904 India,
1830 824 2062 915 exprimatur.

675 951 863 1022 Elementa
882 963 1003 1022 autem
1020 947 1150 1044 hujus,
1170 969 1213 1017 ex
1232 945 1387 1017 doctoris
1409 947 1555 1017 Nimmo
1569 947 1848 1039 experimentis»,
1868 956 1953 1014 sunt
1969 969 1979 1012 ε
1998 944 2067 1014 olei

673 1075 736 1146 fixi
764 1079 797 1148 vi
823 1077 923 1146 omni
947 1071 1138 1145 cathartici
1165 1070 1324 1142 destituti
1342 1081 1459 1164 partes
1483 1067 1557 1152 55,
1582 1067 1630 1157 45
1660 1080 1782 1138 autent
1807 1067 1974 1160 principii
2003 1087 2070 1136 cu-

674 1195 818 1293 jusdam
850 1198 971 1278 acris,
993 1193 1200 1288 purgativi,
1229 1189 1350 1286 quod,
1373 1193 1410 1262 iu
1437 1189 1573 1262 alcoole
1603 1187 1805 1284 retbereque
1833 1187 2003 1260 sullurieo
2032 1197 2069 1257 et

674 1318 871 1414 pinguibus
901 1315 1176 1410 volatilibusque
1202 1314 1288 1386 oleis
1313 1313 1496 1398 solubile,
1527 1325 1664 1384 natura
1689 1314 1878 1386 resinacete
1903 1309 2069 1392 ridetur,

675 1440 859 1534 possitque
879 1439 1027 1510 nomine
1051 1434 1191 1533 tigliree
1209 1435 1384 1527 insigniri.
1548 1435 1552 1448 ’“

727 1559 887 1628 Utuntur
909 1571 970 1629 aut
995 1559 1073 1628 oleo
1091 1559 1229 1650 integro
1246 1569 1309 1626 aut
1325 1559 1482 1628 tinctura
1500 1556 1578 1650 ejus
1594 1554 1785 1638 alcoolica,
1803 1556 1841 1626 in
1857 1559 1928 1649 qua
1946 1553 2071 1648 tiglina

678 1681 826 1752 tantiam
842 1682 958 1752 soluta
983 1683 1198 1754 continetur.
1230 1681 1354 1764 lineis,
1374 1693 1482 1776 gutte
1501 1703 1572 1752 una
1588 1692 1650 1750 aut
1667 1679 1788 1752 altera.
1810 1677 1989 1775 Operatur
2007 1701 2072 1748 au-

679 1815 754 1874 tem
772 1814 983 1874 caeterorum
1001 1802 1238 1875 drasticorum
1261 1802 1399 1884 modos
1427 1815 1610 1874 notamen
1628 1801 1879 1887 commodius,
1905 1801 2003 1896 quod
2020 1802 2075 1872 fa·

680 1924 811 1998 eillime
838 1923 1077 1998 administrari
1098 1928 1221 2021 possit.
1249 1924 1339 1996 Satis
1357 1936 1411 1998 est
1432 1928 1531 1998 enim
1549 1925 1733 1998 interdum
1758 1927 1788 1996 si
1810 1926 1974 2018 linguam
1992 1928 2074 1996 teti-

680 2049 780 2140 gerit.
796 2047 935 2120 Valebit
954 2051 1062 2142 igitur
1077 2073 1162 2120 cum
1182 2051 1355 2120 maniacis
1374 2061 1437 2119 tut
1452 2049 1530 2120 aliis
1548 2051 1648 2144 aegris
1661 2047 1793 2144 quibus
1811 2046 1955 2118 difficile
1968 2059 2075 2142 potus

681 2171 858 2264 copiosior
875 2172 1105 2262 ingereretur.
1131 2167 1238 2264 (llaec
1257 2171 1379 2240 omnia
1397 2171 1600 2266 excerptae
1618 2170 1773 2244 doctoris
1787 2171 1886 2244 Paris
1900 2168 2076 2242 Pharma-

682 2291 831 2385 cotogia.
854 2292 1007 2363 London
1026 2291 1156 2364 medic.
1178 2293 1296 2386 journ.
1319 2301 1358 2362 n·
1375 2290 1483 2388 soe.)

731 2411 813 2484 tum
837 2414 905 2486 olei
934 2414 1050 2509 tigllui
1077 2415 1284 2510 nuperrime
1310 2426 1477 2508 expertus
1494 2425 1554 2486 est.
1568 2413 1731 2486 medicus
1754 2416 1842 2486 alter
1865 2415 2078 2500 britannus,

684 2531 725 2602 C.
752 2533 907 2626 Dendy,
933 2537 994 2628 qui
1018 2535 1208 2606 mulierem
1236 2536 1417 2629 juniorem
1441 2545 1513 2604 tres
1534 2535 1608 2628 jam
1630 2533 1877 2606 hebdomades
1895 2539 2079 2632 constipa-

682 2659 782 2729 tione
800 2659 974 2752 pertinaci
991 2655 1217 2728 laborantem
1234 2705 1243 2737 ‚
1261 2657 1300 2728 in
1320 2661 1391 2752 qua
1416 2654 1574 2728 curanda
1594 2657 1726 2726 usitata
1750 2657 1874 2730 omnia
1894 2655 2078 2740 remedia,

683 2780 738 2852 rel
756 2780 1016 2864 ualentissima,
1038 2779 1128 2850 nihil
1146 2781 1299 2850 omnintl
1323 2780 1569 2874 profecerant,
1598 2778 1900 2873 symptomatibus
1923 2779 1997 2872 jam
2016 2779 2080 2849 ad·

685 2899 837 2973 modum
855 2900 1206 2996 ingravescentibus,
1231 2900 1496 2971 medicamento
1516 2898 1586 2971 hoc
1606 2896 1792 2982 adhibito,
1810 2899 1997 2970 celerrime
2022 2921 2082 2970 sa-

553 3107 562 3118 ·
687 3025 795 3094 navit.
821 3021 961 3118 (Lond.
983 3021 1113 3094 medic.
1136 3023 1278 3116 reposit.
1302 3031 1339 3090 n⁰
1362 3019 1472 3115 trs.)
1544 3121 1548 3130 .

735 3144 815 3216 lmb
836 3143 907 3214 boc
924 3145 1046 3216 oleum
1065 3165 1140 3212 non
1158 3142 1302 3212 tantbm
1320 3143 1394 3228 ori,
1414 3140 1477 3213 sed
1494 3142 1561 3237 ipsi
1580 3139 1753 3212 umbilico
1775 3144 2002 3237 appositum,
2022 3167 2084 3216 ca·

687 3266 840 3340 tharsim
858 3269 940 3338 ciet.
964 3264 1040 3360 (Ex
1057 3263 1180 3336 Herm.
1198 3263 1314 3358 mm.)

739 3461 881 3531 Cnorort
907 3456 1158 3528 molueearrum
1183 3459 1289 3531 Lour.
1326 3455 1426 3554 (non
1443 3457 1482 3528 L.
1498 3459 1537 3556 ),
1564 3457 1668 3530 arbor
1690 3457 2016 3534 cochiuchiueusis.
2037 3503 2086 3518 -

697 3582 857 3654 «Virtus
892 3583 1074 3654 seminum
1102 3605 1290 3678 purgans,
1317 3584 1499 3666 emetica,
1535 3579 1820 3666 desobstruens,
1852 3585 1979 3658 eadem
2013 3589 2085 3662 lere

699 3733 713 3768 ι
741 3727 820 3800 quae
837 3701 876 3772 G.
899 3703 1009 3798 tiglii,
1027 3702 1088 3774 scd
1107 3704 1228 3774 minbs
1243 3701 1460 3785 vehemens,
1479 3701 1559 3774 ideo
1577 3701 1673 3800 apud
1691 3706 1849 3780 medicos
1876 3708 2088 3782 cochincbi·

701 3853 714 3888 ι
731 3813 871 3896 'nenses
889 3813 1046 3898 crebriis
1063 3828 1252 3898 usuvenit.
1274 3827 1405 3896 Lenior
1421 3839 1457 3898 et
1474 3827 1620 3896 innoxia
1637 3827 1702 3912 lit,
1723 3832 1752 3900 si
1770 3834 1907 3902 semina
1920 3833 2087 3928 pellicula

702 3975 715 4009 r
744 3949 903 4018 interiori
924 3946 1037 4018 libera
1059 3947 1107 4016 itt
1131 3947 1333 4018 contundes
1358 3951 1394 4018 in
1414 3948 1547 4032 linteo,
1574 3963 1615 4020 ut
1638 3949 1724 4024 huic
1742 3965 1860 4024 totum
1884 3955 2006 4028 oleum
2024 3955 2089 4028 ad-

701 4100 713 4134 «
738 4068 898 4156 haereat,
923 4092 1152 4168 massamque
1180 4073 1286 4140 istam
1312 4092 1444 4168 coquas
1471 4084 1507 4142 et
1528 4075 1743 4156 exsiccatam
1761 4075 1881 4150 leviter
1898 4089 2043 4150 torreas.
2068 4111 2081 4146 ι

578 4283 586 4296 ,
696 4189 866 4285 (tour.)

740 4366 883 4440 Cuorott
908 4364 1122 4448 oascarr'lla,
1154 4369 1269 4439 frutex
1303 4371 1541 4440 americauus.
1577 4409 1624 4422 -=-
1653 4369 1784 4443 Cortici
1820 4374 1928 4469 ejus,
1959 4377 2087 4470 quiin

694 4483 977 4581 pharmacopaeis
1005 4487 1168 4580 vulgatus
1191 4487 1259 4558 sub
1287 4490 1432 4560 nomine
1464 4487 1676 4560 Cascarilloe
1689 4543 1705 4584 ,
1728 4496 1911 4564 cortrbt'soe
1928 4495 2093 4567 eleuthe-

699 4608 786 4674 raru'
796 4657 811 4697 ,
836 4604 925 4675 odor
949 4609 1088 4690 suavis,
1110 4611 1251 4702 magis,
1272 4607 1360 4680 ditm
1379 4609 1636 4700 comburitur,
1662 4613 1846 4707 lragrans;
1868 4640 1973 4712 sapor
1996 4642 2093 4691 ama·

697 4749 789 4811 rus,
824 4727 922 4799 unde
955 4753 1080 4802 sensus
1115 4731 1323 4806 acritudinis
1358 4735 1395 4804 in
1424 4753 1484 4806 ore
1511 4733 1573 4807 dib
1605 4739 1808 4853 persistens.
1840 4740 1882 4809 ln
1907 4739 2008 4826 hoc,
2045 4765 2088 4814 ex
