<?xml version="1.0" encoding="UTF-8"?>
<!DOCTYPE html PUBLIC "-//W3C//DTD XHTML 1.0 Transitional//EN"
    "http://www.w3.org/TR/xhtml1/DTD/xhtml1-transitional.dtd">
<html xmlns="http://www.w3.org/1999/xhtml" xml:lang="en" lang="en">
 <head>
  <title>
</title>
<meta http-equiv="Content-Type" content="text/html;charset=utf-8" />
  <meta name='ocr-system' content='tesseract 3.04.00' />
  <meta name='ocr-capabilities' content='ocr_page ocr_carea ocr_par ocr_line ocrx_word'/>
</head>
<body>
  <div class='ocr_page' id='page_1' title='image "./deeuphorbiacear00jussgoog_0096.png"; bbox 0 0 4752 6020; ppageno 0'>
   <div class='ocr_carea' id='block_1_1' title="bbox 279 657 1754 1520">
    <p class='ocr_par' dir='ltr' id='par_1_1' title="bbox 279 657 1754 1520">
     <span class='ocr_line' id='line_1_1' title="bbox 921 657 1050 757; baseline -0.008 0"><span class='ocrx_word' id='word_1_1' title='bbox 921 657 1050 757; x_wconf 85' lang='lat'>(9¹)</span> 
     </span>
     <span class='ocr_line' id='line_1_2' title="bbox 280 801 1709 904; baseline 0.008 -30"><span class='ocrx_word' id='word_1_2' title='bbox 280 801 427 898; x_wconf 79' lang='lat' dir='ltr'><strong>elapsa,</strong></span> <span class='ocrx_word' id='word_1_3' title='bbox 459 807 496 876; x_wconf 91' lang='lat' dir='ltr'><strong>in</strong></span> <span class='ocrx_word' id='word_1_4' title='bbox 527 827 629 900; x_wconf 80' lang='lat' dir='ltr'><strong>grave</strong></span> <span class='ocrx_word' id='word_1_5' title='bbox 663 807 866 904; x_wconf 88' lang='lat' dir='ltr'><strong>periculum</strong></span> <span class='ocrx_word' id='word_1_6' title='bbox 888 809 1067 884; x_wconf 78' lang='lat' dir='ltr'><strong>incidisse.</strong></span> <span class='ocrx_word' id='word_1_7' title='bbox 1091 811 1224 886; x_wconf 75' lang='lat' dir='ltr'><strong>Venter</strong></span> <span class='ocrx_word' id='word_1_8' title='bbox 1242 813 1442 888; x_wconf 77' lang='lat' dir='ltr'><strong>admodum</strong></span> <span class='ocrx_word' id='word_1_9' title='bbox 1466 805 1709 888; x_wconf 76' lang='lat' dir='ltr'><strong>tumencrus&#39;</strong></span> 
     </span>
     <span class='ocr_line' id='line_1_3' title="bbox 281 913 1686 1030; baseline 0.009 -34"><span class='ocrx_word' id='word_1_10' title='bbox 281 937 378 1004; x_wconf 84' lang='lat' dir='ltr'><strong>erat.</strong></span> <span class='ocrx_word' id='word_1_11' title='bbox 407 925 521 1003; x_wconf 83' lang='lat' dir='ltr'><strong>servor</strong></span> <span class='ocrx_word' id='word_1_12' title='bbox 539 919 796 1002; x_wconf 86' lang='lat' dir='ltr'><strong>intestinorum</strong></span> <span class='ocrx_word' id='word_1_13' title='bbox 819 954 952 1012; x_wconf 84' lang='lat' dir='ltr'><strong>urens.</strong></span> <span class='ocrx_word' id='word_1_14' title='bbox 980 933 1100 1012; x_wconf 86' lang='lat' dir='ltr'><strong>standi</strong></span> <span class='ocrx_word' id='word_1_15' title='bbox 1124 937 1340 1030; x_wconf 73' lang='lat' dir='ltr'><strong>impotentia</strong></span> <span class='ocrx_word' id='word_1_16' title='bbox 1361 913 1480 1017; x_wconf 74' lang='lat' dir='ltr'><strong>3⁸mox</strong></span> <span class='ocrx_word' id='word_1_17' title='bbox 1505 939 1614 1010; x_wconf 89' lang='lat' dir='ltr'><strong>etiam</strong></span> <span class='ocrx_word' id='word_1_18' title='bbox 1633 937 1686 1008; x_wconf 88' lang='lat' dir='ltr'><strong>la-</strong></span> 
     </span>
     <span class='ocr_line' id='line_1_4' title="bbox 279 1049 1689 1154; baseline 0.01 -34"><span class='ocrx_word' id='word_1_19' title='bbox 279 1049 452 1134; x_wconf 90' lang='lat' dir='ltr'><strong>brorum,</strong></span> <span class='ocrx_word' id='word_1_20' title='bbox 480 1053 579 1124; x_wconf 90' lang='lat' dir='ltr'><strong>succi</strong></span> <span class='ocrx_word' id='word_1_21' title='bbox 598 1065 792 1132; x_wconf 88' lang='lat' dir='ltr'><strong>contactu.</strong></span> <span class='ocrx_word' id='word_1_22' title='bbox 821 1055 1010 1138; x_wconf 80' lang='lat' dir='ltr'><strong>ulceratio,</strong></span> <span class='ocrx_word' id='word_1_23' title='bbox 1040 1057 1223 1154; x_wconf 90' lang='lat' dir='ltr'><strong>sudorque</strong></span> <span class='ocrx_word' id='word_1_24' title='bbox 1242 1059 1391 1154; x_wconf 84' lang='lat' dir='ltr'><strong>gelidus.</strong></span> <span class='ocrx_word' id='word_1_25' title='bbox 1418 1061 1602 1132; x_wconf 89' lang='lat' dir='ltr'><strong>Foliorum</strong></span> <span class='ocrx_word' id='word_1_26' title='bbox 1627 1059 1689 1135; x_wconf 86' lang='lat' dir='ltr'><strong>lti-</strong></span> 
     </span>
     <span class='ocr_line' id='line_1_5' title="bbox 279 1169 1754 1276; baseline 0.009 -36"><span class='ocrx_word' id='word_1_27' title='bbox 279 1171 350 1240; x_wconf 93' lang='lat' dir='ltr'><strong>cini</strong></span> <span class='ocrx_word' id='word_1_28' title='bbox 374 1169 567 1244; x_wconf 92' lang='lat' dir='ltr'><strong>decoctum</strong></span> <span class='ocrx_word' id='word_1_29' title='bbox 595 1197 771 1270; x_wconf 85' lang='lat' dir='ltr'><strong>aquosum</strong></span> <span class='ocrx_word' id='word_1_30' title='bbox 797 1180 935 1247; x_wconf 91' lang='lat' dir='ltr'><strong>emesin</strong></span> <span class='ocrx_word' id='word_1_31' title='bbox 961 1177 1229 1276; x_wconf 87' lang='lat' dir='ltr'><strong>catharsimque</strong></span> <span class='ocrx_word' id='word_1_32' title='bbox 1250 1181 1372 1252; x_wconf 92' lang='lat' dir='ltr'><strong>movit.</strong></span> <span class='ocrx_word' id='word_1_33' title='bbox 1407 1179 1501 1252; x_wconf 90' lang='lat' dir='ltr'><strong>Hinc</strong></span> <span class='ocrx_word' id='word_1_34' title='bbox 1527 1191 1688 1276; x_wconf 84' lang='lat' dir='ltr'><strong>sympto·</strong></span> <span class='ocrx_word' id='word_1_35' title='bbox 1737 1215 1754 1246; x_wconf 67' lang='grc' dir='ltr'><strong>ι</strong></span> 
     </span>
     <span class='ocr_line' id='line_1_6' title="bbox 280 1275 1686 1398; baseline 0.006 -36"><span class='ocrx_word' id='word_1_36' title='bbox 280 1305 378 1364; x_wconf 89' lang='lat' dir='ltr'><strong>mata</strong></span> <span class='ocrx_word' id='word_1_37' title='bbox 410 1293 586 1389; x_wconf 90' lang='lat' dir='ltr'><strong>paulatim</strong></span> <span class='ocrx_word' id='word_1_38' title='bbox 620 1299 800 1380; x_wconf 87' lang='lat' dir='ltr'><strong>mitiora,</strong></span> <span class='ocrx_word' id='word_1_39' title='bbox 834 1275 1044 1394; x_wconf 87' lang='lat' dir='ltr'><strong>dolorque,</strong></span> <span class='ocrx_word' id='word_1_40' title='bbox 1081 1312 1163 1398; x_wconf 91' lang='lat' dir='ltr'><strong>post</strong></span> <span class='ocrx_word' id='word_1_41' title='bbox 1200 1297 1306 1370; x_wconf 89' lang='lat' dir='ltr'><strong>horas</strong></span> <span class='ocrx_word' id='word_1_42' title='bbox 1348 1301 1473 1396; x_wconf 81' lang='lat' dir='ltr'><strong>viginti</strong></span> <span class='ocrx_word' id='word_1_43' title='bbox 1504 1312 1686 1398; x_wconf 88' lang='lat' dir='ltr'><strong>quatuor,</strong></span> 
     </span>
     <span class='ocr_line' id='line_1_7' title="bbox 280 1419 1687 1520; baseline 0.008 -35"><span class='ocrx_word' id='word_1_44' title='bbox 280 1419 382 1512; x_wconf 89' lang='lat' dir='ltr'><strong>quasi</strong></span> <span class='ocrx_word' id='word_1_45' title='bbox 412 1419 563 1490; x_wconf 82' lang='lat' dir='ltr'><strong>omniud</strong></span> <span class='ocrx_word' id='word_1_46' title='bbox 594 1419 757 1492; x_wconf 85' lang='lat' dir='ltr'><strong>desierat.</strong></span> <span class='ocrx_word' id='word_1_47' title='bbox 791 1421 917 1492; x_wconf 83' lang='lat' dir='ltr'><strong>Narrat</strong></span> <span class='ocrx_word' id='word_1_48' title='bbox 942 1421 1040 1492; x_wconf 91' lang='lat' dir='ltr'><strong>idern</strong></span> <span class='ocrx_word' id='word_1_49' title='bbox 1067 1435 1193 1494; x_wconf 89' lang='lat' dir='ltr'><strong>auctor</strong></span> <span class='ocrx_word' id='word_1_50' title='bbox 1226 1420 1467 1520; x_wconf 88' lang='lat' dir='ltr'><strong>(Peyssonel)</strong></span> <span class='ocrx_word' id='word_1_51' title='bbox 1495 1423 1687 1496; x_wconf 88' lang='lat' dir='ltr'><strong>mulierem</strong></span> 
     </span>
    </p>
   </div>
   <div class='ocr_carea' id='block_1_2' title="bbox 201 1537 1682 1756">
    <p class='ocr_par' dir='ltr' id='par_1_2' title="bbox 201 1537 1682 1756">
     <span class='ocr_line' id='line_1_8' title="bbox 279 1537 1682 1642; baseline 0.004 -34"><span class='ocrx_word' id='word_1_52' title='bbox 279 1537 462 1632; x_wconf 83' lang='lat' dir='ltr'><strong>gravidam</strong></span> <span class='ocrx_word' id='word_1_53' title='bbox 487 1553 557 1612; x_wconf 83' lang='lat' dir='ltr'><strong>tres</strong></span> <span class='ocrx_word' id='word_1_54' title='bbox 591 1541 700 1640; x_wconf 90' lang='lat' dir='ltr'><strong>hujus</strong></span> <span class='ocrx_word' id='word_1_55' title='bbox 733 1543 867 1616; x_wconf 90' lang='lat' dir='ltr'><strong>arboris</strong></span> <span class='ocrx_word' id='word_1_56' title='bbox 899 1543 1105 1617; x_wconf 86' lang='lat' dir='ltr'><strong>comedisse·</strong></span> <span class='ocrx_word' id='word_1_57' title='bbox 1133 1545 1271 1616; x_wconf 81' lang='lat' dir='ltr'><strong>fructus</strong></span> <span class='ocrx_word' id='word_1_58' title='bbox 1294 1549 1355 1642; x_wconf 93' lang='lat' dir='ltr'><strong>qui</strong></span> <span class='ocrx_word' id='word_1_59' title='bbox 1385 1549 1442 1618; x_wconf 89' lang='lat' dir='ltr'><strong>vix</strong></span> <span class='ocrx_word' id='word_1_60' title='bbox 1467 1557 1682 1618; x_wconf 89' lang='lat' dir='ltr'><strong>nocuerunt.</strong></span> 
     </span>
     <span class='ocr_line' id='line_1_9' title="bbox 201 1658 446 1756; baseline 0.004 -27"><span class='ocrx_word' id='word_1_61' title='bbox 201 1735 207 1746; x_wconf 61' lang='grc'><em>,</em></span> <span class='ocrx_word' id='word_1_62' title='bbox 283 1658 446 1756; x_wconf 88' lang='lat' dir='ltr'><strong>(Orfil.)</strong></span> 
     </span>
    </p>
   </div>
   <div class='ocr_carea' id='block_1_3' title="bbox 232 1781 1691 3848">
    <p class='ocr_par' dir='ltr' id='par_1_3' title="bbox 232 1781 1689 2622">
     <span class='ocr_line' id='line_1_10' title="bbox 232 1781 1689 1885; baseline 0.005 -32"><span class='ocrx_word' id='word_1_63' title='bbox 232 1853 238 1862; x_wconf 83' lang='grc'>,</span> <span class='ocrx_word' id='word_1_64' title='bbox 329 1781 502 1854; x_wconf 91' lang='lat' dir='ltr'><strong>Umbram</strong></span> <span class='ocrx_word' id='word_1_65' title='bbox 532 1787 648 1878; x_wconf 84' lang='lat' dir='ltr'><strong>ipsam</strong></span> <span class='ocrx_word' id='word_1_66' title='bbox 678 1783 918 1882; x_wconf 80' lang='lat' dir='ltr'><strong>Hippomenis</strong></span> <span class='ocrx_word' id='word_1_67' title='bbox 952 1798 989 1857; x_wconf 90' lang='lat' dir='ltr'><strong>et</strong></span> <span class='ocrx_word' id='word_1_68' title='bbox 1019 1807 1151 1883; x_wconf 93' lang='lat' dir='ltr'><strong>aquam</strong></span> <span class='ocrx_word' id='word_1_69' title='bbox 1180 1787 1403 1884; x_wconf 85' lang='lat' dir='ltr'><strong>pluviatilem</strong></span> <span class='ocrx_word' id='word_1_70' title='bbox 1435 1811 1478 1859; x_wconf 84' lang='lat' dir='ltr'><strong>ex</strong></span> <span class='ocrx_word' id='word_1_71' title='bbox 1511 1791 1588 1885; x_wconf 81' lang='lat' dir='ltr'><strong>ipsa</strong></span> <span class='ocrx_word' id='word_1_72' title='bbox 1623 1788 1689 1860; x_wconf 89' lang='lat' dir='ltr'><strong>de-</strong></span> 
     </span>
     <span class='ocr_line' id='line_1_11' title="bbox 277 1905 1688 2004; baseline 0.006 -28"><span class='ocrx_word' id='word_1_73' title='bbox 277 1905 453 1980; x_wconf 85' lang='lat' dir='ltr'><strong>lluentem</strong></span> <span class='ocrx_word' id='word_1_74' title='bbox 490 1907 674 1981; x_wconf 79' lang='lat' dir='ltr'><strong>lethiferas</strong></span> <span class='ocrx_word' id='word_1_75' title='bbox 722 1909 883 2004; x_wconf 88' lang='lat' dir='ltr'><strong>plerique</strong></span> <span class='ocrx_word' id='word_1_76' title='bbox 922 1923 1254 2004; x_wconf 70' lang='lat' dir='ltr'><strong>memoraveruntr</strong></span> <span class='ocrx_word' id='word_1_77' title='bbox 1293 1923 1400 2004; x_wconf 78' lang='lat' dir='ltr'><strong>negat</strong></span> <span class='ocrx_word' id='word_1_78' title='bbox 1441 1923 1566 1984; x_wconf 89' lang='lat' dir='ltr'><strong>autem</strong></span> <span class='ocrx_word' id='word_1_79' title='bbox 1603 1909 1688 1984; x_wconf 84' lang='lat' dir='ltr'><strong>Jac-</strong></span> 
     </span>
     <span class='ocr_line' id='line_1_12' title="bbox 278 2029 1686 2130; baseline 0.004 -28"><span class='ocrx_word' id='word_1_80' title='bbox 278 2033 380 2126; x_wconf 88' lang='lat' dir='ltr'><strong>quin.</strong></span> <span class='ocrx_word' id='word_1_81' title='bbox 400 2029 492 2128; x_wconf 88' lang='lat' dir='ltr'><strong>(loc.</strong></span> <span class='ocrx_word' id='word_1_82' title='bbox 524 2031 607 2129; x_wconf 85' lang='lat' dir='ltr'><strong>cit.)</strong></span> <span class='ocrx_word' id='word_1_83' title='bbox 637 2062 650 2096; x_wconf 74' lang='grc' dir='ltr'>ι</span> <span class='ocrx_word' id='word_1_84' title='bbox 678 2031 745 2104; x_wconf 83' lang='lat' dir='ltr'><strong>Per</strong></span> <span class='ocrx_word' id='word_1_85' title='bbox 763 2031 977 2114; x_wconf 65' lang='lat' dir='ltr'><strong>ciborium,</strong></span> <span class='ocrx_word' id='word_1_86' title='bbox 996 2035 1132 2130; x_wconf 88' lang='lat' dir='ltr'><strong>inquit,</strong></span> <span class='ocrx_word' id='word_1_87' title='bbox 1153 2035 1220 2129; x_wconf 85' lang='lat' dir='ltr'><strong>ipsi</strong></span> <span class='ocrx_word' id='word_1_88' title='bbox 1250 2031 1342 2106; x_wconf 87' lang='lat' dir='ltr'><strong>mihi</strong></span> <span class='ocrx_word' id='word_1_89' title='bbox 1363 2035 1567 2130; x_wconf 89' lang='lat' dir='ltr'><strong>periculum</strong></span> <span class='ocrx_word' id='word_1_90' title='bbox 1601 2055 1686 2108; x_wconf 81' lang='lat' dir='ltr'><strong>cnm</strong></span> 
     </span>
     <span class='ocr_line' id='line_1_13' title="bbox 287 2155 1689 2254; baseline 0.004 -28"><span class='ocrx_word' id='word_1_91' title='bbox 287 2157 432 2226; x_wconf 73' lang='lat' dir='ltr'><strong>«sociis</strong></span> <span class='ocrx_word' id='word_1_92' title='bbox 457 2156 602 2228; x_wconf 81' lang='lat' dir='ltr'><strong>facienti</strong></span> <span class='ocrx_word' id='word_1_93' title='bbox 634 2156 723 2230; x_wconf 90' lang='lat' dir='ltr'><strong>nihil</strong></span> <span class='ocrx_word' id='word_1_94' title='bbox 753 2159 840 2228; x_wconf 89' lang='lat' dir='ltr'><strong>mali</strong></span> <span class='ocrx_word' id='word_1_95' title='bbox 866 2160 994 2230; x_wconf 85' lang='lat' dir='ltr'><strong>evenit.</strong></span> <span class='ocrx_word' id='word_1_96' title='bbox 1022 2157 1117 2228; x_wconf 81' lang='lat' dir='ltr'><strong>Tum</strong></span> <span class='ocrx_word' id='word_1_97' title='bbox 1136 2159 1246 2252; x_wconf 83' lang='lat' dir='ltr'><strong>etiam</strong></span> <span class='ocrx_word' id='word_1_98' title='bbox 1275 2157 1437 2254; x_wconf 86' lang='lat' dir='ltr'><strong>pluviam</strong></span> <span class='ocrx_word' id='word_1_99' title='bbox 1463 2171 1562 2230; x_wconf 81' lang='lat' dir='ltr'><strong>trans</strong></span> <span class='ocrx_word' id='word_1_100' title='bbox 1592 2155 1689 2235; x_wconf 80' lang='lat' dir='ltr'><strong>hanc</strong></span> 
     </span>
     <span class='ocr_line' id='line_1_14' title="bbox 287 2277 1689 2380; baseline 0.003 -32"><span class='ocrx_word' id='word_1_101' title='bbox 287 2307 300 2340; x_wconf 76' lang='lat' dir='ltr'><strong>s</strong></span> <span class='ocrx_word' id='word_1_102' title='bbox 329 2277 493 2352; x_wconf 81' lang='lat' dir='ltr'><strong>arborem</strong></span> <span class='ocrx_word' id='word_1_103' title='bbox 507 2281 699 2352; x_wconf 88' lang='lat' dir='ltr'><strong>cadentem</strong></span> <span class='ocrx_word' id='word_1_104' title='bbox 716 2303 937 2376; x_wconf 79' lang='lat' dir='ltr'><strong>corporeque</strong></span> <span class='ocrx_word' id='word_1_105' title='bbox 954 2277 1055 2350; x_wconf 91' lang='lat' dir='ltr'><strong>nudo</strong></span> <span class='ocrx_word' id='word_1_106' title='bbox 1074 2293 1284 2377; x_wconf 85' lang='lat' dir='ltr'><strong>exceptam,</strong></span> <span class='ocrx_word' id='word_1_107' title='bbox 1302 2281 1501 2352; x_wconf 84' lang='lat' dir='ltr'><strong>innocuam</strong></span> <span class='ocrx_word' id='word_1_108' title='bbox 1522 2303 1605 2380; x_wconf 80' lang='lat' dir='ltr'><strong>sum</strong></span> <span class='ocrx_word' id='word_1_109' title='bbox 1624 2301 1689 2352; x_wconf 80' lang='lat' dir='ltr'><strong>ex-</strong></span> 
     </span>
     <span class='ocr_line' id='line_1_15' title="bbox 287 2402 1686 2498; baseline 0 -24"><span class='ocrx_word' id='word_1_110' title='bbox 287 2415 463 2497; x_wconf 79' lang='lat' dir='ltr'><strong>«pertus.</strong></span> <span class='ocrx_word' id='word_1_111' title='bbox 497 2403 613 2476; x_wconf 80' lang='lat' dir='ltr'><strong>Noxia</strong></span> <span class='ocrx_word' id='word_1_112' title='bbox 641 2405 791 2476; x_wconf 78' lang='lat' dir='ltr'><strong>tortasse</strong></span> <span class='ocrx_word' id='word_1_113' title='bbox 822 2404 909 2487; x_wconf 85' lang='lat' dir='ltr'><strong>luit,</strong></span> <span class='ocrx_word' id='word_1_114' title='bbox 941 2403 1004 2474; x_wconf 84' lang='lat' dir='ltr'><strong>ubi</strong></span> <span class='ocrx_word' id='word_1_115' title='bbox 1030 2406 1127 2498; x_wconf 91' lang='lat' dir='ltr'><strong>rupti</strong></span> <span class='ocrx_word' id='word_1_116' title='bbox 1156 2405 1271 2476; x_wconf 87' lang='lat' dir='ltr'><strong>ventis</strong></span> <span class='ocrx_word' id='word_1_117' title='bbox 1302 2404 1357 2475; x_wconf 86' lang='lat' dir='ltr'><strong>vel</strong></span> <span class='ocrx_word' id='word_1_118' title='bbox 1386 2402 1565 2476; x_wconf 86' lang='lat' dir='ltr'><strong>imbribus</strong></span> <span class='ocrx_word' id='word_1_119' title='bbox 1594 2405 1686 2475; x_wconf 92' lang='lat' dir='ltr'><strong>rami</strong></span> 
     </span>
     <span class='ocr_line' id='line_1_16' title="bbox 287 2527 1345 2622; baseline 0.003 -26"><span class='ocrx_word' id='word_1_120' title='bbox 287 2552 300 2589; x_wconf 80' lang='lat' dir='ltr'><strong>r</strong></span> <span class='ocrx_word' id='word_1_121' title='bbox 329 2527 455 2600; x_wconf 76' lang='lat' dir='ltr'><strong>ioliare</strong></span> <span class='ocrx_word' id='word_1_122' title='bbox 472 2527 526 2600; x_wconf 84' lang='lat' dir='ltr'><strong>lae</strong></span> <span class='ocrx_word' id='word_1_123' title='bbox 544 2527 653 2600; x_wconf 89' lang='lat' dir='ltr'><strong>simul</strong></span> <span class='ocrx_word' id='word_1_124' title='bbox 672 2527 923 2600; x_wconf 85' lang='lat' dir='ltr'><strong>distillaverint</strong></span> <span class='ocrx_word' id='word_1_125' title='bbox 939 2527 1069 2622; x_wconf 73' lang='lat' dir='ltr'><strong>pluvia</strong></span> <span class='ocrx_word' id='word_1_126' title='bbox 1087 2529 1304 2600; x_wconf 87' lang='lat' dir='ltr'><strong>immistum.</strong></span> <span class='ocrx_word' id='word_1_127' title='bbox 1332 2557 1345 2590; x_wconf 77' lang='grc' dir='ltr'><strong>ι</strong></span> 
     </span>
    </p>

    <p class='ocr_par' dir='ltr' id='par_1_4' title="bbox 247 2645 1691 3848">
     <span class='ocr_line' id='line_1_17' title="bbox 330 2645 1691 2748; baseline 0 -30"><span class='ocrx_word' id='word_1_128' title='bbox 330 2645 424 2719; x_wconf 83' lang='lat' dir='ltr'><strong>Huic</strong></span> <span class='ocrx_word' id='word_1_129' title='bbox 452 2652 727 2745; x_wconf 86' lang='lat' dir='ltr'><strong>experimento,</strong></span> <span class='ocrx_word' id='word_1_130' title='bbox 753 2673 796 2719; x_wconf 86' lang='lat' dir='ltr'><strong>ex</strong></span> <span class='ocrx_word' id='word_1_131' title='bbox 822 2672 894 2744; x_wconf 93' lang='lat' dir='ltr'><strong>quo</strong></span> <span class='ocrx_word' id='word_1_132' title='bbox 914 2647 1094 2722; x_wconf 90' lang='lat' dir='ltr'><strong>tributum</strong></span> <span class='ocrx_word' id='word_1_133' title='bbox 1124 2648 1262 2748; x_wconf 81' lang='lat' dir='ltr'><strong>umbrae</strong></span> <span class='ocrx_word' id='word_1_134' title='bbox 1286 2647 1527 2744; x_wconf 81' lang='lat' dir='ltr'><strong>Hippomenis</strong></span> <span class='ocrx_word' id='word_1_135' title='bbox 1555 2647 1691 2719; x_wconf 84' lang='lat' dir='ltr'><strong>veneli-</strong></span> 
     </span>
     <span class='ocr_line' id='line_1_18' title="bbox 281 2769 1683 2854; baseline -0.003 -10"><span class='ocrx_word' id='word_1_136' title='bbox 281 2775 381 2844; x_wconf 94' lang='lat' dir='ltr'><strong>cium</strong></span> <span class='ocrx_word' id='word_1_137' title='bbox 415 2793 514 2844; x_wconf 89' lang='lat' dir='ltr'><strong>mera</strong></span> <span class='ocrx_word' id='word_1_138' title='bbox 553 2771 675 2842; x_wconf 81' lang='lat' dir='ltr'><strong>fabula</strong></span> <span class='ocrx_word' id='word_1_139' title='bbox 703 2771 893 2854; x_wconf 87' lang='lat' dir='ltr'><strong>videatur,</strong></span> <span class='ocrx_word' id='word_1_140' title='bbox 919 2783 1144 2840; x_wconf 86' lang='lat' dir='ltr'><strong>nontamen</strong></span> <span class='ocrx_word' id='word_1_141' title='bbox 1170 2773 1323 2843; x_wconf 88' lang='lat' dir='ltr'><strong>omnind</strong></span> <span class='ocrx_word' id='word_1_142' title='bbox 1347 2770 1437 2843; x_wconf 81' lang='lat' dir='ltr'><strong>fides</strong></span> <span class='ocrx_word' id='word_1_143' title='bbox 1464 2769 1683 2842; x_wconf 86' lang='lat' dir='ltr'><strong>adhibenda.</strong></span> 
     </span>
     <span class='ocr_line' id='line_1_19' title="bbox 281 2891 1688 2992; baseline 0 -28"><span class='ocrx_word' id='word_1_144' title='bbox 281 2895 445 2992; x_wconf 85' lang='lat' dir='ltr'><strong>Namque</strong></span> <span class='ocrx_word' id='word_1_145' title='bbox 472 2895 533 2964; x_wconf 85' lang='lat' dir='ltr'><strong>isti</strong></span> <span class='ocrx_word' id='word_1_146' title='bbox 555 2913 704 2988; x_wconf 79' lang='lat' dir='ltr'><strong>vapores</strong></span> <span class='ocrx_word' id='word_1_147' title='bbox 728 2892 901 2986; x_wconf 80' lang='lat' dir='ltr'><strong>maligui,</strong></span> <span class='ocrx_word' id='word_1_148' title='bbox 928 2893 959 2962; x_wconf 91' lang='lat' dir='ltr'><strong>si</strong></span> <span class='ocrx_word' id='word_1_149' title='bbox 982 2897 1102 2962; x_wconf 68' lang='lat' dir='ltr'><strong>reveri</strong></span> <span class='ocrx_word' id='word_1_150' title='bbox 1127 2893 1310 2974; x_wconf 84' lang='lat' dir='ltr'><strong>existunt,</strong></span> <span class='ocrx_word' id='word_1_151' title='bbox 1333 2891 1352 2962; x_wconf 83' lang='lat' dir='ltr'><strong>d</strong></span> <span class='ocrx_word' id='word_1_152' title='bbox 1378 2893 1558 2986; x_wconf 90' lang='lat' dir='ltr'><strong>principio</strong></span> <span class='ocrx_word' id='word_1_153' title='bbox 1589 2893 1688 2964; x_wconf 92' lang='lat' dir='ltr'><strong>vola·</strong></span> 
     </span>
     <span class='ocr_line' id='line_1_20' title="bbox 279 3015 1687 3113; baseline -0.001 -23"><span class='ocrx_word' id='word_1_154' title='bbox 279 3017 336 3090; x_wconf 89' lang='lat' dir='ltr'><strong>tili</strong></span> <span class='ocrx_word' id='word_1_155' title='bbox 356 3017 561 3090; x_wconf 83' lang='lat' dir='ltr'><strong>deriventur</strong></span> <span class='ocrx_word' id='word_1_156' title='bbox 579 3039 727 3090; x_wconf 85' lang='lat' dir='ltr'><strong>necesse</strong></span> <span class='ocrx_word' id='word_1_157' title='bbox 744 3031 808 3089; x_wconf 88' lang='lat' dir='ltr'><strong>est.</strong></span> <span class='ocrx_word' id='word_1_158' title='bbox 829 3016 975 3113; x_wconf 85' lang='lat' dir='ltr'><strong>ltaque,</strong></span> <span class='ocrx_word' id='word_1_159' title='bbox 987 3015 1191 3088; x_wconf 83' lang='lat' dir='ltr'><strong>sccunddm</strong></span> <span class='ocrx_word' id='word_1_160' title='bbox 1204 3019 1338 3088; x_wconf 82' lang='lat' dir='ltr'><strong>variam</strong></span> <span class='ocrx_word' id='word_1_161' title='bbox 1357 3018 1436 3088; x_wconf 85' lang='lat' dir='ltr'><strong>coeli</strong></span> <span class='ocrx_word' id='word_1_162' title='bbox 1451 3019 1687 3111; x_wconf 84' lang='lat' dir='ltr'><strong>temperiem,</strong></span> 
     </span>
     <span class='ocr_line' id='line_1_21' title="bbox 247 3123 1689 3236; baseline -0.002 -24"><span class='ocrx_word' id='word_1_163' title='bbox 247 3123 251 3134; x_wconf 63' lang='grc'><strong>’</strong></span> <span class='ocrx_word' id='word_1_164' title='bbox 278 3163 428 3214; x_wconf 88' lang='lat' dir='ltr'><strong>manare</strong></span> <span class='ocrx_word' id='word_1_165' title='bbox 457 3153 519 3212; x_wconf 87' lang='lat' dir='ltr'><strong>aut</strong></span> <span class='ocrx_word' id='word_1_166' title='bbox 547 3139 670 3214; x_wconf 87' lang='lat' dir='ltr'><strong>deesse</strong></span> <span class='ocrx_word' id='word_1_167' title='bbox 691 3151 886 3236; x_wconf 84' lang='lat' dir='ltr'><strong>poterunt;</strong></span> <span class='ocrx_word' id='word_1_168' title='bbox 902 3137 1105 3212; x_wconf 79' lang='lat' dir='ltr'><strong>secundum</strong></span> <span class='ocrx_word' id='word_1_169' title='bbox 1126 3141 1241 3210; x_wconf 88' lang='lat' dir='ltr'><strong>varios</strong></span> <span class='ocrx_word' id='word_1_170' title='bbox 1259 3141 1357 3210; x_wconf 89' lang='lat' dir='ltr'><strong>venti</strong></span> <span class='ocrx_word' id='word_1_171' title='bbox 1382 3137 1512 3222; x_wconf 83' lang='lat' dir='ltr'><strong>datus,</strong></span> <span class='ocrx_word' id='word_1_172' title='bbox 1533 3136 1607 3208; x_wconf 86' lang='lat' dir='ltr'><strong>buc</strong></span> <span class='ocrx_word' id='word_1_173' title='bbox 1625 3150 1689 3209; x_wconf 89' lang='lat' dir='ltr'><strong>aut</strong></span> 
     </span>
     <span class='ocr_line' id='line_1_22' title="bbox 280 3260 1688 3358; baseline -0.001 -24"><span class='ocrx_word' id='word_1_174' title='bbox 280 3264 365 3338; x_wconf 85' lang='lat' dir='ltr'><strong>illuc</strong></span> <span class='ocrx_word' id='word_1_175' title='bbox 393 3263 505 3347; x_wconf 85' lang='lat' dir='ltr'><strong>ierri;</strong></span> <span class='ocrx_word' id='word_1_176' title='bbox 534 3263 583 3334; x_wconf 84' lang='lat' dir='ltr'><strong>itd</strong></span> <span class='ocrx_word' id='word_1_177' title='bbox 614 3276 655 3333; x_wconf 91' lang='lat' dir='ltr'><strong>ut</strong></span> <span class='ocrx_word' id='word_1_178' title='bbox 678 3261 778 3334; x_wconf 87' lang='lat' dir='ltr'><strong>idem</strong></span> <span class='ocrx_word' id='word_1_179' title='bbox 801 3262 869 3336; x_wconf 88' lang='lat' dir='ltr'><strong>sub</strong></span> <span class='ocrx_word' id='word_1_180' title='bbox 896 3261 1020 3334; x_wconf 84' lang='lat' dir='ltr'><strong>arbore</strong></span> <span class='ocrx_word' id='word_1_181' title='bbox 1055 3285 1155 3334; x_wconf 90' lang='lat' dir='ltr'><strong>nunc</strong></span> <span class='ocrx_word' id='word_1_182' title='bbox 1184 3263 1336 3358; x_wconf 77' lang='lat' dir='ltr'><strong>impune</strong></span> <span class='ocrx_word' id='word_1_183' title='bbox 1362 3285 1460 3332; x_wconf 88' lang='lat' dir='ltr'><strong>nune</strong></span> <span class='ocrx_word' id='word_1_184' title='bbox 1486 3260 1688 3356; x_wconf 56' lang='lat' dir='ltr'><strong>periculos&amp;</strong></span> 
     </span>
     <span class='ocr_line' id='line_1_23' title="bbox 280 3382 1688 3472; baseline -0.005 -12"><span class='ocrx_word' id='word_1_185' title='bbox 280 3385 452 3468; x_wconf 86' lang='lat' dir='ltr'><strong>recubet;</strong></span> <span class='ocrx_word' id='word_1_186' title='bbox 478 3397 541 3456; x_wconf 88' lang='lat' dir='ltr'><strong>aut</strong></span> <span class='ocrx_word' id='word_1_187' title='bbox 573 3383 662 3456; x_wconf 91' lang='lat' dir='ltr'><strong>hinc</strong></span> <span class='ocrx_word' id='word_1_188' title='bbox 695 3385 825 3458; x_wconf 85' lang='lat' dir='ltr'><strong>sedens</strong></span> <span class='ocrx_word' id='word_1_189' title='bbox 856 3384 946 3456; x_wconf 83' lang='lat' dir='ltr'><strong>nihil</strong></span> <span class='ocrx_word' id='word_1_190' title='bbox 980 3386 1096 3472; x_wconf 91' lang='lat' dir='ltr'><strong>mali,</strong></span> <span class='ocrx_word' id='word_1_191' title='bbox 1134 3384 1220 3456; x_wconf 74' lang='lat' dir='ltr'><strong>inde</strong></span> <span class='ocrx_word' id='word_1_192' title='bbox 1253 3387 1362 3456; x_wconf 88' lang='lat' dir='ltr'><strong>etiam</strong></span> <span class='ocrx_word' id='word_1_193' title='bbox 1393 3386 1486 3456; x_wconf 90' lang='lat' dir='ltr'><strong>ultra</strong></span> <span class='ocrx_word' id='word_1_194' title='bbox 1518 3382 1688 3454; x_wconf 88' lang='lat' dir='ltr'><strong>umbram</strong></span> 
     </span>
     <span class='ocr_line' id='line_1_24' title="bbox 280 3503 1690 3602; baseline -0.004 -22"><span class='ocrx_word' id='word_1_195' title='bbox 280 3511 371 3580; x_wconf 89' lang='lat' dir='ltr'><strong>situs</strong></span> <span class='ocrx_word' id='word_1_196' title='bbox 392 3505 552 3578; x_wconf 85' lang='lat' dir='ltr'><strong>multrlm</strong></span> <span class='ocrx_word' id='word_1_197' title='bbox 582 3503 697 3589; x_wconf 87' lang='lat' dir='ltr'><strong>mali,</strong></span> <span class='ocrx_word' id='word_1_198' title='bbox 722 3507 937 3601; x_wconf 81' lang='lat' dir='ltr'><strong>experiatur.</strong></span> <span class='ocrx_word' id='word_1_199' title='bbox 967 3506 1096 3576; x_wconf 89' lang='lat' dir='ltr'><strong>Nonne</strong></span> <span class='ocrx_word' id='word_1_200' title='bbox 1123 3507 1256 3602; x_wconf 67' lang='lat' dir='ltr'><strong>pariter</strong></span> <span class='ocrx_word' id='word_1_201' title='bbox 1279 3528 1373 3600; x_wconf 89' lang='lat' dir='ltr'><strong>aqua</strong></span> <span class='ocrx_word' id='word_1_202' title='bbox 1401 3519 1499 3578; x_wconf 90' lang='lat' dir='ltr'><strong>trans</strong></span> <span class='ocrx_word' id='word_1_203' title='bbox 1524 3503 1690 3576; x_wconf 87' lang='lat' dir='ltr'><strong>arborem</strong></span> 
     </span>
     <span class='ocr_line' id='line_1_25' title="bbox 283 3625 1691 3722; baseline -0.002 -21"><span class='ocrx_word' id='word_1_204' title='bbox 283 3629 445 3714; x_wconf 89' lang='lat' dir='ltr'><strong>stillans,</strong></span> <span class='ocrx_word' id='word_1_205' title='bbox 465 3627 668 3700; x_wconf 80' lang='lat' dir='ltr'><strong>secundum</strong></span> <span class='ocrx_word' id='word_1_206' title='bbox 686 3628 897 3720; x_wconf 78' lang='lat' dir='ltr'><strong>calidiorem</strong></span> <span class='ocrx_word' id='word_1_207' title='bbox 916 3625 1179 3721; x_wconf 82' lang='lat' dir='ltr'><strong>frigidioremrc</strong></span> <span class='ocrx_word' id='word_1_208' title='bbox 1196 3629 1309 3722; x_wconf 84' lang='lat' dir='ltr'><strong>ipsius</strong></span> <span class='ocrx_word' id='word_1_209' title='bbox 1325 3629 1562 3721; x_wconf 88' lang='lat' dir='ltr'><strong>temperiem,</strong></span> <span class='ocrx_word' id='word_1_210' title='bbox 1580 3649 1691 3698; x_wconf 77' lang='lat' dir='ltr'><strong>verre-</strong></span> 
     </span>
     <span class='ocr_line' id='line_1_26' title="bbox 281 3751 921 3848; baseline -0.003 -25"><span class='ocrx_word' id='word_1_211' title='bbox 281 3765 363 3824; x_wconf 87' lang='lat' dir='ltr'><strong>nata</strong></span> <span class='ocrx_word' id='word_1_212' title='bbox 386 3761 448 3822; x_wconf 90' lang='lat' dir='ltr'><strong>aut</strong></span> <span class='ocrx_word' id='word_1_213' title='bbox 474 3753 624 3822; x_wconf 85' lang='lat' dir='ltr'><strong>innoxia</strong></span> <span class='ocrx_word' id='word_1_214' title='bbox 649 3773 725 3824; x_wconf 83' lang='lat' dir='ltr'><strong>esse</strong></span> <span class='ocrx_word' id='word_1_215' title='bbox 751 3755 885 3848; x_wconf 89' lang='lat' dir='ltr'><strong>poterit</strong></span> <span class='ocrx_word' id='word_1_216' title='bbox 906 3751 921 3821; x_wconf 80' lang='lat' dir='ltr'><strong>l</strong></span> 
     </span>
    </p>
   </div>
   <div class='ocr_carea' id='block_1_4' title="bbox 933 3969 1038 4020">
    <p class='ocr_par' dir='ltr' id='par_1_5' title="bbox 933 3969 1038 4020">
     <span class='ocr_line' id='line_1_27' title="bbox 933 3969 1038 4020; baseline 0 -2"><span class='ocrx_word' id='word_1_217' title='bbox 933 3969 1038 4020; x_wconf 69' lang='lat' dir='ltr'><strong>nune.</strong></span> 
     </span>
    </p>
   </div>
   <div class='ocr_carea' id='block_1_5' title="bbox 279 4118 1696 4832">
    <p class='ocr_par' dir='ltr' id='par_1_6' title="bbox 279 4118 1696 4832">
     <span class='ocr_line' id='line_1_28' title="bbox 330 4118 1693 4224; baseline -0.002 -24"><span class='ocrx_word' id='word_1_218' title='bbox 330 4125 382 4200; x_wconf 90' lang='lat' dir='ltr'><strong>H.</strong></span> <span class='ocrx_word' id='word_1_219' title='bbox 408 4118 615 4224; x_wconf 69' lang='lat' dir='ltr'><strong>crepitans,</strong></span> <span class='ocrx_word' id='word_1_220' title='bbox 638 4127 745 4198; x_wconf 79' lang='lat' dir='ltr'><strong>arbor</strong></span> <span class='ocrx_word' id='word_1_221' title='bbox 771 4131 988 4200; x_wconf 80' lang='lat' dir='ltr'><strong>americaua.</strong></span> <span class='ocrx_word' id='word_1_222' title='bbox 1010 4167 1059 4182; x_wconf 90' lang='lat'>-</span> <span class='ocrx_word' id='word_1_223' title='bbox 1077 4125 1194 4200; x_wconf 84' lang='lat' dir='ltr'><strong>Stillat</strong></span> <span class='ocrx_word' id='word_1_224' title='bbox 1211 4149 1253 4198; x_wconf 89' lang='lat' dir='ltr'><strong>ex</strong></span> <span class='ocrx_word' id='word_1_225' title='bbox 1272 4125 1383 4224; x_wconf 86' lang='lat' dir='ltr'><strong>hujus</strong></span> <span class='ocrx_word' id='word_1_226' title='bbox 1404 4127 1536 4198; x_wconf 87' lang='lat' dir='ltr'><strong>cortice</strong></span> <span class='ocrx_word' id='word_1_227' title='bbox 1561 4147 1693 4197; x_wconf 89' lang='lat' dir='ltr'><strong>succus</strong></span> 
     </span>
     <span class='ocr_line' id='line_1_29' title="bbox 281 4250 1690 4348; baseline -0.002 -26"><span class='ocrx_word' id='word_1_228' title='bbox 281 4253 419 4324; x_wconf 88' lang='lat' dir='ltr'><strong>lacteus</strong></span> <span class='ocrx_word' id='word_1_229' title='bbox 445 4252 558 4336; x_wconf 84' lang='lat' dir='ltr'><strong>acris,</strong></span> <span class='ocrx_word' id='word_1_230' title='bbox 579 4253 664 4348; x_wconf 91' lang='lat' dir='ltr'><strong>qui,</strong></span> <span class='ocrx_word' id='word_1_231' title='bbox 690 4251 805 4322; x_wconf 90' lang='lat' dir='ltr'><strong>oculis</strong></span> <span class='ocrx_word' id='word_1_232' title='bbox 832 4251 1027 4335; x_wconf 88' lang='lat' dir='ltr'><strong>admotus,</strong></span> <span class='ocrx_word' id='word_1_233' title='bbox 1059 4250 1324 4346; x_wconf 80' lang='lat' dir='ltr'><strong>ophthalmiam</strong></span> <span class='ocrx_word' id='word_1_234' title='bbox 1350 4253 1532 4322; x_wconf 85' lang='lat' dir='ltr'><strong>concitare</strong></span> <span class='ocrx_word' id='word_1_235' title='bbox 1555 4261 1690 4346; x_wconf 88' lang='lat' dir='ltr'><strong>queat,</strong></span> 
     </span>
     <span class='ocr_line' id='line_1_30' title="bbox 283 4369 1691 4470; baseline -0.003 -24"><span class='ocrx_word' id='word_1_236' title='bbox 283 4375 381 4448; x_wconf 72' lang='lat' dir='ltr'><strong>uude</strong></span> <span class='ocrx_word' id='word_1_237' title='bbox 399 4376 540 4447; x_wconf 84' lang='lat' dir='ltr'><strong>caecitas</strong></span> <span class='ocrx_word' id='word_1_238' title='bbox 556 4397 620 4469; x_wconf 92' lang='lat' dir='ltr'><strong>pcr</strong></span> <span class='ocrx_word' id='word_1_239' title='bbox 643 4373 780 4470; x_wconf 81' lang='lat' dir='ltr'><strong>aliquot</strong></span> <span class='ocrx_word' id='word_1_240' title='bbox 809 4373 886 4446; x_wconf 90' lang='lat' dir='ltr'><strong>dies</strong></span> <span class='ocrx_word' id='word_1_241' title='bbox 910 4385 1166 4470; x_wconf 83' lang='lat' dir='ltr'><strong>consequatur.</strong></span> <span class='ocrx_word' id='word_1_242' title='bbox 1190 4373 1383 4444; x_wconf 85' lang='lat' dir='ltr'><strong>-Narrat</strong></span> <span class='ocrx_word' id='word_1_243' title='bbox 1409 4369 1540 4442; x_wconf 83' lang='lat' dir='ltr'><strong>Aublet</strong></span> <span class='ocrx_word' id='word_1_244' title='bbox 1568 4369 1691 4468; x_wconf 80' lang='lat'><strong>(885)</strong></span> 
     </span>
     <span class='ocr_line' id='line_1_31' title="bbox 282 4483 1696 4594; baseline -0.004 -24"><span class='ocrx_word' id='word_1_245' title='bbox 282 4497 482 4570; x_wconf 88' lang='lat' dir='ltr'><strong>seminibus</strong></span> <span class='ocrx_word' id='word_1_246' title='bbox 511 4500 584 4568; x_wconf 87' lang='lat' dir='ltr'><strong>vim</strong></span> <span class='ocrx_word' id='word_1_247' title='bbox 609 4497 803 4572; x_wconf 86' lang='lat' dir='ltr'><strong>drasticam</strong></span> <span class='ocrx_word' id='word_1_248' title='bbox 825 4500 971 4590; x_wconf 87' lang='lat' dir='ltr'><strong>inesse,</strong></span> <span class='ocrx_word' id='word_1_249' title='bbox 999 4519 1110 4594; x_wconf 92' lang='lat' dir='ltr'><strong>quam</strong></span> <span class='ocrx_word' id='word_1_250' title='bbox 1132 4496 1182 4568; x_wconf 85' lang='lat' dir='ltr'><strong>ob</strong></span> <span class='ocrx_word' id='word_1_251' title='bbox 1205 4517 1352 4567; x_wconf 88' lang='lat' dir='ltr'><strong>causam</strong></span> <span class='ocrx_word' id='word_1_252' title='bbox 1375 4483 1580 4563; x_wconf 81' lang='lat' dir='ltr'><strong>amanded</strong></span> <span class='ocrx_word' id='word_1_253' title='bbox 1601 4515 1696 4588; x_wconf 83' lang='lat' dir='ltr'><strong>pur-</strong></span> 
     </span>
     <span class='ocr_line' id='line_1_32' title="bbox 279 4615 1695 4721; baseline -0.003 -29"><span class='ocrx_word' id='word_1_254' title='bbox 279 4645 349 4718; x_wconf 82' lang='lat' dir='ltr'><strong>ger</strong></span> <span class='ocrx_word' id='word_1_255' title='bbox 378 4621 432 4693; x_wconf 68' lang='lat' dir='ltr'><strong>ks</strong></span> <span class='ocrx_word' id='word_1_256' title='bbox 452 4636 671 4721; x_wconf 67' lang='lat' dir='ltr'><strong>percoquam</strong></span> <span class='ocrx_word' id='word_1_257' title='bbox 696 4623 802 4716; x_wconf 78' lang='lat' dir='ltr'><strong>vulgd</strong></span> <span class='ocrx_word' id='word_1_258' title='bbox 837 4633 1098 4717; x_wconf 85' lang='lat' dir='ltr'><strong>nuncupentur</strong></span> <span class='ocrx_word' id='word_1_259' title='bbox 1127 4645 1136 4690; x_wconf 72' lang='grc' dir='ltr'><strong><em>ε</em></strong></span> <span class='ocrx_word' id='word_1_260' title='bbox 1168 4642 1359 4715; x_wconf 84' lang='lat' dir='ltr'><strong>quumque</strong></span> <span class='ocrx_word' id='word_1_261' title='bbox 1384 4615 1532 4714; x_wconf 88' lang='lat' dir='ltr'><strong>quidam</strong></span> <span class='ocrx_word' id='word_1_262' title='bbox 1555 4619 1695 4712; x_wconf 84' lang='lat' dir='ltr'><strong>impru-</strong></span> 
     </span>
     <span class='ocr_line' id='line_1_33' title="bbox 284 4740 1692 4832; baseline -0.006 -16"><span class='ocrx_word' id='word_1_263' title='bbox 284 4741 430 4817; x_wconf 81' lang='lat' dir='ltr'><strong>dentius</strong></span> <span class='ocrx_word' id='word_1_264' title='bbox 460 4747 599 4818; x_wconf 82' lang='lat' dir='ltr'><strong>semina</strong></span> <span class='ocrx_word' id='word_1_265' title='bbox 629 4743 707 4816; x_wconf 81' lang='lat' dir='ltr'><strong>lraec</strong></span> <span class='ocrx_word' id='word_1_266' title='bbox 737 4765 855 4818; x_wconf 88' lang='lat' dir='ltr'><strong>unum</strong></span> <span class='ocrx_word' id='word_1_267' title='bbox 883 4759 945 4818; x_wconf 88' lang='lat' dir='ltr'><strong>aut</strong></span> <span class='ocrx_word' id='word_1_268' title='bbox 975 4743 1048 4816; x_wconf 85' lang='lat' dir='ltr'><strong>dno</strong></span> <span class='ocrx_word' id='word_1_269' title='bbox 1076 4745 1114 4814; x_wconf 91' lang='lat' dir='ltr'><strong>in</strong></span> <span class='ocrx_word' id='word_1_270' title='bbox 1145 4741 1349 4814; x_wconf 88' lang='lat' dir='ltr'><strong>emulsionc</strong></span> <span class='ocrx_word' id='word_1_271' title='bbox 1383 4741 1490 4810; x_wconf 86' lang='lat' dir='ltr'><strong>servis</strong></span> <span class='ocrx_word' id='word_1_272' title='bbox 1522 4740 1692 4832; x_wconf 75' lang='lat' dir='ltr'><strong>nigritie,</strong></span> 
     </span>
    </p>
   </div>
   <div class='ocr_carea' id='block_1_6' title="bbox 0 0 2380 6020">
    <p class='ocr_par' dir='ltr' id='par_1_7' title="bbox 0 0 2380 6020">
     <span class='ocr_line' id='line_1_34' title="bbox 0 0 2380 6020; baseline 0 0"><span class='ocrx_word' id='word_1_273' title='bbox 0 0 2380 6020; x_wconf 95' lang='lat' dir='ltr'><strong> </strong></span> 
     </span>
    </p>
   </div>
  </div>
 </body>
</html>
