4752 6020
1319 594 1450 690 (ot)

730 743 975 816 Observantur
985 766 1029 816 ex
1042 725 1122 814 olco
1137 767 1200 816 seu
1215 747 1353 838 ingesto
1367 767 1429 816 seu
1446 743 1624 840 applicato
1638 743 1789 814 effectus
1802 742 1936 814 similes
1948 769 1958 822 ;
1968 740 2086 812 multd

681 881 803 942 autem
819 869 1027 946 celeriores,
1042 868 1341 963 violentioresquc
1360 891 1405 938 cx
1422 867 1526 938 acido
1546 865 1750 963 jatropbico
1767 893 1776 936 :
1792 869 1851 938 cui
1864 863 2013 962 quidem
2026 865 2086 936 tri·

681 991 827 1064 buenda
843 989 985 1062 ridetur
1000 992 1049 1060 ris
1068 989 1161 1072 olci;
1180 989 1250 1062 boc
1268 992 1423 1060 enimin
1442 1013 1619 1085 saponem
1635 988 1800 1072 redacto,
1820 989 2011 1060 evanescit.

730 1113 769 1184 J.
787 1111 973 1206 multifido
984 1165 1003 1207 ,
1022 1115 1138 1184 frutex
1157 1114 1376 1204 antillanus„
1389 1155 1438 1166 -
1456 1105 1602 1184 Semina
1620 1115 1715 1207 ejus,
1735 1110 1994 1207 quodpropter
2013 1109 2086 1180 vim

680 1237 786 1328 vulgd
804 1233 976 1304 avellana
1002 1239 1204 1336 purgatrix
1229 1235 1383 1318 dicitur,
1405 1235 1565 1308 multllm
1585 1235 1673 1304 olim
1699 1215 1851 1328 Hispani
1876 1232 2082 1303 utebantur.

684 1358 753 1430 Sed
771 1361 916 1453 postca,
937 1359 1080 1430 casibus
1095 1360 1234 1428 miseris
1252 1357 1351 1428 hunc
1367 1343 1474 1428 usum
1493 1359 1622 1453 saepibs
1637 1360 1861 1450 consecutis,
1875 1357 1894 1427 b
1908 1355 2086 1451 plerisque

681 1486 841 1554 materiae
859 1481 1010 1554 medicae
1028 1482 1196 1578 operibus
1215 1484 1390 1577 reiectum
1409 1494 1475 1553 est.
1500 1482 1622 1552 Unum
1640 1481 1788 1576 quidem
1801 1501 1926 1550 semen
1946 1477 1989 1548 ad
2004 1502 2087 1573 pur·

681 1604 844 1699 gaudum
865 1609 949 1676 satis
964 1616 1029 1676 est.
1044 1656 1053 1674 .
1068 1657 1102 1674 ..
1132 1603 1315 1674 Dicuntur
1332 1611 1477 1700 quoque
1495 1601 1691 1700 hujusdem
1709 1604 1841 1698 planta.
1858 1601 1945 1672 folia
1961 1599 2087 1672 decem

683 1743 746 1802 aut
757 1729 951 1802 duodecim
968 1729 1091 1802 leuiter
1105 1727 1436 1826 cocta,catba1·sim
1458 1731 1539 1800 siue
1556 1735 1690 1800 nausca
1705 1725 1965 1799 torminibusre
1979 1729 2083 1798 ciere.

684 1851 879 1950 (Encycl.)
1345 1839 1348 1848 ¹

730 1971 770 2046 J.
795 1973 1033 2072 gossypfirlfo
1051 2028 1066 2068 ‚
1092 1975 1211 2046 frutex
1233 1997 1278 2046 ex
1297 1975 1460 2046 Amerina
1475 1974 1655 2048 calidiore.
1673 2015 1720 2027 —-
1738 1973 1870 2045 lneotae
1897 1974 1990 2044 foliis
2011 1973 2088 2068 ejus

683 2095 841 2170 decoctis
861 2098 981 2170 alvum
1008 2099 1170 2170 strictam
1195 2097 1341 2175 laroma
1361 2100 1472 2194 inquo
1493 2099 1629 2170 truncis
1647 2097 1742 2192 sape
1762 2109 1923 2168 tumores
1947 2117 2088 2167 excres-

686 2235 774 2292 cunt
795 2221 928 2316 quibus
954 2223 1005 2292 vis
1033 2243 1191 2315 purgans
1210 2233 1245 2292 et
1260 2224 1456 2316 ptarmica,
1473 2247 1517 2293 cx
1535 2220 1574 2298 P.
1596 2223 1653 2293 Br.
1683 2220 1792 2293 tddit
1815 2234 1937 2290 tamen
1964 2231 2088 2292 auctor

619 2414 623 2422 ,
651 2427 658 2446 ⁸
685 2345 825 2414 semina
845 2343 890 2415 ab
908 2343 1031 2416 aribus
1050 2341 1120 2414 edi.
1195 2420 1197 2428 y
1241 2325 1245 2332 ⁵
1807 2427 1812 2440 θ
1993 2338 2016 2364 ·“

733 2465 772 2536 J.
796 2465 1022 2564 glandulosa
1033 2521 1049 2562 ,
1072 2468 1246 2538 suflrutex
1265 2469 1441 2541 arabicus.
1468 2511 1516 2522 -
1534 2469 1631 2540 Dlrm
1650 2471 1799 2563 pungit,
1816 2491 1968 2540 succum
1988 2469 2092 2538 emit·

685 2590 730 2658 tit
742 2589 1054 2686 lacteo-aquosum
1070 2614 1212 2684 magnae
1227 2592 1448 2665 acritudinis.
1466 2592 1743 2666 Recentioribus
1758 2591 1883 2664 tamen
1898 2593 1975 2686 ejus
1991 2592 2090 2686 stipi·

686 2711 783 2786 tibus
807 2713 1001 2784 furunculo
1024 2715 1222 2808 impositis,
1242 2728 1365 2788 tumor
1385 2717 1569 2788 emollitur
1586 2727 1622 2786 et
1644 2711 1917 2786 dolorsedatur.
1943 2712 2083 2808 (Forslr.

689 2831 795 2930 ιω.)

733 2954 771 3024 ΙΙ.
799 2979 912 3028 urens
936 2969 972 3028 et
994 2956 1034 3026 J.
1059 2956 1301 3056 aaprczjolr'o,
1327 2959 1472 3030 frutices
1498 2982 1542 3032 cx
1568 2961 1731 3032 Amerina
1758 2957 1950 3040 calidiore,
1965 2975 2014 3016 -‘··
2031 2959 2091 3030 Di·

685 3099 792 3148 versae
809 3075 943 3150 horum
965 3091 1085 3175 partes
1103 3078 1255 3176 hispidae
1271 3080 1352 3176 pilis
1377 3081 1590 3164 urentibus,
1610 3079 1742 3177 quibus
1763 3081 1793 3150 si
1816 3083 2007 3176 pungeris,
2027 3079 2089 3150 diu

685 3205 840 3285 senties;
858 3203 1013 3302 idcdque
1032 3205 1156 3282 viatori
1174 3204 1289 3300 pediti
1306 3206 1583 3277 molestissimae.

731 3327 770 3400 J.
800 3326 1021 3410 stimulosa,
1051 3323 1163 3398 herba
1190 3329 1372 3422 virginica.
1405 3369 1446 3380 —
1480 3328 1635 3400 «Radix
1668 3328 2088 3426 srlipcndulotuberosa,

693 3483 708 3518 ι
735 3453 923 3524 tuberibus
942 3451 1272 3546 subcylindraceis,
1296 3452 1474 3526 edulibus.
1506 3453 1703 3550 n‘(Micbx.
1733 3480 1768 3526 a.
1798 3455 1912 3551 216.)
1933 3456 2087 3540 Nonne,

682 3575 849 3674 Janipltoe
868 3575 1036 3652 manihot
1052 3578 1187 3660 instar,
1204 3576 1348 3648 tantiam
1363 3592 1445 3672 post
1464 3579 1692 3651 coctionem?

1266 3799 1502 3847 trasebertus·

732 3951 787 4024 M.
811 3977 967 4036 annuo,
992 3952 1105 4026 herba
1132 3976 1360 4048 europaeana.
1383 3995 1431 4010 -
1448 3956 1499 4027 De
1523 3955 1633 4052 hujus
1656 3959 1690 4028 ri
1712 3955 1899 4028 dissentire
1924 3968 2090 4028 auctores

681 4078 776 4148 inter
792 4100 829 4148 se
847 4077 1015 4148 ridentur
1031 4129 1041 4157 ,
1062 4076 1147 4148 culm
1162 4076 1222 4146 alii
1236 4077 1538 4172 mucilaginosam
1552 4092 1588 4149 et
1602 4079 1871 4160 emollientem‚
1892 4079 1951 4149 alii
1964 4078 2089 4150 contri

682 4201 906 4294 purgativam
923 4203 1160 4294 nocivamque
1175 4197 1368 4272 affirment.
1392 4199 1578 4274 Oribasius
1593 4203 1679 4274 olim
1691 4253 1702 4284 ,
1716 4201 1762 4272 ad
1776 4201 1971 4274 eatbarsim
1989 4205 2090 4274 cien-

685 4321 794 4406 dam,
813 4321 1005 4396 decoctum
1020 4322 1099 4416 ejus
1118 4345 1204 4392 cum
1217 4324 1300 4394 vino
1314 4321 1518 4396 exhibebat.
1542 4325 1677 4396 Pueros
1692 4323 1874 4395 vermibus
1885 4323 2088 4396 laborantes

683 4443 877 4537 pulmento
891 4467 978 4516 curn
995 4445 1197 4516 Mercuriali
1211 4449 1333 4516 annui
1348 4459 1472 4540 parato
1485 4448 1630 4540 purgari
1643 4444 1705 4516 dib
1721 4469 1801 4518 mos
1819 4447 1887 4516 fuit
1915 4446 2083 4544 (Gouau.

683 4563 754 4659 377
771 4565 783 4660 )
803 4593 814 4646 ;
842 4567 1037 4662 rusticique
1056 4565 1284 4638 ferrarienses
1304 4567 1433 4640 eodem
1452 4567 1561 4652 cibo,
1587 4567 1631 4638 ad
1651 4567 1772 4640 alvum
1789 4567 2084 4652 sollicitandam,

683 4686 901 4774 utebantur,
922 4701 1011 4760 teste
1035 4689 1253 4762 Brassavolo.
1285 4689 1419 4785 (llurr.
1444 4689 1556 4785 223.)
1581 4691 1726 4774 Scribe,
1748 4693 1786 4762 in
1799 4690 2085 4790 pharmacopaejs
