4752 6020
929 693 1057 792 (aa)

284 841 560 916 alimentarium
593 843 741 915 evadere
772 846 895 939 possit.
931 843 1044 915 Laxat
1079 843 1241 914 oleorum
1274 844 1431 914 fixorum
1465 865 1592 930 more;
1628 844 1691 916 sed

282 968 386 1060 quasi
412 966 559 1036 stimulo
588 967 747 1062 quodam
778 963 1041 1061 superaddito;
1073 965 1236 1060 valetque
1258 964 1425 1038 adversus
1450 969 1688 1062 constipatio-

286 1107 399 1168 nem,
430 1087 584 1159 dirersas
609 1089 730 1160 colieae
754 1090 912 1182 species,
934 1098 976 1156 ut
999 1088 1178 1180 pictorum
1211 1083 1265 1182 (r)
1282 1139 1297 1168 ,
1327 1085 1598 1180 dysenteriam
1625 1087 1688 1158 sed

283 1221 368 1281 ante
382 1215 532 1293 omnia,
559 1224 681 1284 contra
701 1235 839 1283 vermes
865 1213 1060 1281 intestinos
1074 1233 1148 1280 non
1166 1209 1311 1280 tantirm
1329 1210 1527 1282 lumbricos
1545 1263 1555 1294 ,
1575 1209 1687 1283 sedet

283 1333 405 1424 ipsum
423 1335 570 1404 taeniam
591 1331 879 1405 commendatur.
905 1329 1032 1426 (barb.
1063 1331 1096 1402 3.
1128 1353 1206 1427 ¹97·
1230 1371 1277 1384 -
1295 1331 1387 1406 ttib.
1416 1355 1445 1403 ι.
1468 1332 1551 1428 575.
1576 1371 1622 1387 -
1641 1333 1679 1404 A.

282 1450 387 1524 Rich.
421 1477 448 1526 t.
471 1451 582 1548 216.)

333 1575 449 1648 Radix
473 1577 591 1648 Ricini
617 1575 833 1649 diureticum
856 1576 983 1650 efficax
1012 1573 1226 1673 praedicatur
1246 1576 1314 1672 (P.
1337 1578 1394 1646 Br.
1417 1577 1457 1672 ),
1481 1577 1544 1648 sed
1562 1577 1688 1648 insoli-

285 1709 377 1768 tum.
402 1699 499 1770 Folia
520 1697 604 1770 rerd
626 1711 727 1769 cocta
746 1700 907 1793 topicum
923 1699 1111 1772 emolliens
1128 1711 1315 1794 praestant,
1330 1699 1491 1794 prolecto)
1505 1701 1586 1794 quin
1607 1698 1686 1769 tlun

286 1843 430 1916 aquosa.
456 1795 591 1894 Eadem
610 1834 732 1893 tamen
751 1835 874 1892 contra
888 1819 1150 1893 hemicraniam
1169 1824 1327 1892 foeminae
1339 1821 1447 1892 fronti
1461 1843 1524 1917 per
1542 1833 1688 1891 noctem

231 1936 247 1958 '
283 1943 460 2036 applicata
487 1948 685 2016 caecitatem
719 1949 896 2038 peperisse
928 1943 1126 2026 dicuntur,
1158 1943 1240 2015 licet
1271 1955 1344 2014 arte
1375 1941 1458 2016 dein
1489 1941 1681 2014 sublatam.

285 2061 301 2158 (
314 2063 406 2134 Ilist.
429 2064 524 2134 dela
543 2089 615 2136 soc.
637 2089 665 2136 r.
689 2064 733 2136 de
751 2065 846 2136 med.
873 2090 905 2136 a.
929 2065 1036 2162 302.)

333 2185 452 2256 Ricini
471 2189 676 2258 eommunis
703 2189 890 2260 nonnullae
913 2191 1121 2268 varietates,
1147 2201 1182 2258 et
1207 2187 1370 2284 ejusdem
1393 2191 1530 2282 generis
1552 2192 1688 2282 species

285 2309 612 2406 quaedamexstant
629 2361 640 2394 ,
658 2311 791 2408 quibus
808 2316 948 2384 semina
962 2313 1093 2384 similia
1110 2365 1120 2398 ‚
1135 2314 1168 2382 vi
1186 2313 1313 2382 eadem
1332 2311 1466 2407 absque
1485 2312 1559 2382 ullo
1577 2312 1687 2383 dubio

282 2434 432 2530 praedita
454 2448 490 2508 et
510 2436 827 2507 indiscriminatim
860 2441 898 2506 in
926 2437 1011 2507 locis
1042 2436 1223 2507 natalibus
1254 2439 1413 2518 usitata;
1442 2447 1505 2512 ut.
1533 2435 1689 2530 exempli

285 2559 418 2652 gratia,
448 2556 596 2628 chrrtus
624 2557 772 2628 inermis
802 2559 1055 2641 americanus,
1083 2569 1236 2628 testante
1269 2553 1380 2626 Odier
1400 2553 1553 2650 (Joutn.
1587 2553 1683 2626 med.

284 2679 344 2774 49.
365 2676 493 2774 455),
529 2693 564 2750 et
593 2680 639 2751 R.
675 2677 810 2752 uiridis
844 2680 1013 2764 indicus,
1050 2681 1094 2750 de
1124 2703 1196 2776 quo
1230 2678 1434 2776 Rumphius
1466 2679 1534 2776 (4.
1564 2681 1642 2776 94)
1676 2707 1686 2750 a

294 2829 307 2862 ι
335 2801 501 2896 Antiquis
523 2800 747 2897 temporibus
777 2804 825 2874 30
855 2805 932 2898 ejus
957 2803 1111 2874 ossicula
1144 2805 1298 2874 contrita
1329 2816 1435 2898 atque
1462 2827 1547 2874 eum
1570 2825 1686 2900 pauco

294 2951 307 2988 ι
335 2925 472 3019 liquore
491 2937 675 3018 assumpta
693 2911 835 3016 vulgare
854 2921 1074 2994 exhibebant
1090 2945 1247 3018 purgans
1268 2951 1277 2994 r
1299 2924 1384 2996 crim
1407 2927 1489 2998 vero
1512 2929 1689 3000 ventricu-

295 3077 308 3108 ι
333 3046 411 3116 lum
429 3043 659 3117 vehementer
676 3057 938 3128 commoveret,
956 3046 995 3117 in
1014 3044 1294 3120 desuetudinem
1312 3045 1409 3122 abiit.
1435 3077 1448 3112 ι

916 3271 1051 3324 statua.

334 3455 373 3530 S.
401 3455 645 3552 canaparium
658 3501 675 3548 ,
701 3455 809 3528 arbor
834 3457 1049 3526 americana.
1076 3456 1198 3526 «Tota
1222 3467 1348 3528 manat
1372 3480 1480 3530 socco
1504 3457 1686 3552 glutinosa

167 3641 172 3653 .
295 3613 309 3646 ι
335 3594 371 3653 et
389 3577 610 3662 abundanti,
630 3581 748 3675 quiex
769 3577 928 3674 quilibet
945 3579 1026 3650 laesa
1046 3593 1146 3675 parte
1164 3582 1333 3674 guttatim
1354 3581 1483 3662 stillat,
1507 3581 1689 3678 ferturque

296 3736 309 3770 ‹
336 3716 544 3776 venenatus
569 3734 582 3768 r
606 3701 729 3799 (Jacq.
752 3703 870 3775 Amet.
894 3701 1006 3799 249.)

336 3829 459 3900 Refert
494 3829 536 3897 D.
570 3827 704 3898 Tussac
741 3825 897 3923 (Journ.
935 3827 1010 3899 bot.
1048 3828 1152 3898 1813.
1197 3850 1226 3898 ι.
1267 3824 1385 3924 117),
1419 3827 1504 3899 ciam
1541 3827 1690 3924 quidam

287 3951 502 4024 hortulanus
518 3970 688 4045 vaporem
714 3971 893 4045 aquosum
918 3951 938 4020 ὁ
961 3949 1058 4045 Sapii
1078 3951 1201 4030 nescia
1227 3949 1330 4044 cujus
1359 3948 1452 4020 talea
1478 3961 1690 4022 manantem

331 4322 378 4404 (ι)
401 4323 513 4382 «Dans
527 4323 557 4381 la
573 4325 699 4404 colique
712 4324 751 4383 de
771 4322 900 4404 plomb,
923 4324 967 4383 les
987 4325 1138 4386 douleurs
1157 4335 1282 4388 cessent
1297 4327 1351 4388 des
1371 4328 1467 4408 qu'on
1490 4345 1509 4386 a
1528 4325 1691 4384 surmonte

294 4432 360 4490 ela
386 4431 604 4510 constipation.
635 4430 678 4489 La
699 4430 871 4509 principale
889 4431 1062 4490 indication
1082 4433 1170 4491 etant
1193 4435 1232 4493 de
1254 4449 1403 4511 procurer
1427 4432 1471 4491 les
1492 4429 1695 4490 evacuatione

296 4561 310 4594 c
331 4539 467 4610 aleines,
483 4545 552 4595 tout
566 4537 744 4598 traitement
758 4545 804 4597 est
815 4535 879 4596 bon
897 4536 1039 4617 lorsqu’il
1053 4539 1165 4598 atteint
1182 4551 1218 4598 ce
1229 4535 1304 4608 but,
1315 4545 1346 4596 et
1360 4537 1389 4595 le
1400 4535 1578 4594 traitement
1593 4535 1692 4612 empi-

297 4667 310 4700 ι
331 4645 420 4723 rique
432 4643 488 4702 des
499 4640 596 4700 freres
611 4641 650 4702 de
657 4643 687 4702 la
698 4641 828 4704 Charite
839 4643 891 4703 n’a
902 4644 971 4704 rien
987 4641 1026 4704 de
1036 4641 1219 4726 specifique.
1237 4668 1249 4700 r
1267 4643 1400 4725 (batiae,
1415 4645 1541 4722 Propos.
1557 4639 1689 4704 demed.

290 4747 408 4825 thee,
429 4745 670 4828 1819‚n·206.)
