4752 6020
920 723 1046 816 (79)

288 901 302 936 ι
329 869 518 942 solvendos
547 891 704 964 pueros,
733 881 768 938 et
785 889 846 939 eos
869 869 932 962 qui
951 867 972 938 d
988 863 1156 938 remediis
1175 861 1391 946 abhorrent,
1424 867 1682 960 praestantius?
1799 937 1805 950 ,

286 1025 299 1058 ι
325 993 445 1066 Htcce
462 993 530 1067 sub
549 995 664 1066 forma
685 991 745 1063 illa
764 989 913 1063 exhibui
938 995 975 1064 iu
1003 989 1212 1062 memoratis
1233 987 1413 1084 periculis.
1452 987 1521 1059 Pro
1545 987 1680 1062 delica-

285 1147 298 1182 t
324 1116 494 1200 tioribus.
517 1129 571 1200 et,
588 1129 629 1188 ut
653 1117 811 1188 tormina
834 1115 986 1186 om'nintl
1003 1115 1178 1194 vitentur,
1206 1109 1292 1182 huic
1311 1113 1565 1208 compositioni
1588 1135 1680 1186 non·
1748 1177 1753 1194 .

284 1237 415 1310 «nihil
447 1242 615 1310 aromatis
649 1231 795 1310 accedat
839 1245 1041 1367 oportet..
1058 1229 1187 1308 .Haec
1218 1233 1357 1306 semina
1385 1231 1585 1329 perdurant
1616 1233 1677 1306 dtu

283 1389 296 1426 ι
323 1363 541 1461 incorrupta.
564 1354 717 1434 Abhinc
723 1359 814 1459 duos
832 1357 948 1432 annos
966 1373 1007 1430 e'a
1026 1379 1147 1442 serto,
1164 1379 1232 1428 nec
1250 1354 1437 1456 uteunque
1456 1357 1601 1430 rancida
1616 1357 1680 1430 de-

226 1479 230 1486 ’
283 1514 296 1550 ι
323 1483 521 1584 prehendo
544 1485 647 1559 Dosis
665 1486 738 1559 duo
757 1489 865 1558 triave
884 1487 1035 1558 semina.
1061 1516 1074 1550 ι

323 1607 499 1700 Quaedam
523 1609 623 1683 addit
640 1621 765 1684 auctor
784 1609 827 1683 de
845 1607 1049 1705 oleaginosa
1068 1609 1251 1679 seminum
1267 1569 1416 1688 nature,
1433 1607 1531 1679 unde
1546 1605 1680 1682 utilitas

276 1735 312 1806 in
330 1756 397 1805 usu
417 1729 639 1820 domestico,
662 1747 698 1806 et
713 1735 894 1832 praecipue
913 1733 950 1803 in
969 1735 1131 1828 picture,
1151 1731 1287 1826 percipi
1304 1714 1448 1826 posset.

882 1947 1076 2002 urrunnun.

322 2093 371 2180 B.
396 2113 573 2210 spinosa,
601 2109 717 2182 frutex
747 2105 901 2182 indicus.
924 2151 971 2164 -
995 2107 1047 2182 Ex
1070 2103 1295 2204 Roxburgh‚
1327 2120 1447 2180 cortex
1477 2105 1679 2204 astringens

272 2245 347 2318 est,
363 2237 466 2332 cujus
480 2258 612 2332 magna
626 2238 687 2308 ris.
708 2237 815 2307 Foliis
829 2237 985 2307 libenter
1000 2237 1197 2308 re'seuntu'r
1213 2237 1362 2332 pecora,
1385 2248 1420 2307 et
1439 2231 1524 2306 ind'e
1541 2255 1679 2306 vermes

273 2379 400 2431 eorum
425 2357 586 2430 intestini
612 2361 732 2430 necari
763 2359 939 2430 feruntur.
1013 2433 1017 2446 ,

861 2608 879 2650 ⁴.
908 2575 1032 2626 euros.
1095 2588 1100 2610 ν
1342 2583 1397 2622 o..

321 2733 371 2804 B.
388 2735 675 2834 semper-uirens,
695 2733 885 2804 arbuscula
906 2712 1133 2828 europae'ana.
1148 2711 1313 2804 Lfotns
1335 2731 1428 2806 odor
1442 2737 1625 2830 ingratus,
1645 2749 1680 2808 et

272 2878 377 2955 sapor
395 2878 538 2928 amarus
554 2905 564 2942 ‚
582 2877 800 2939 nauseosus,
821 2856 1020 2950 presertim
1036 2852 1209 2927 humidis.
1232 2855 1399 2927 Decoctis
1416 2861 1466 2928 ris
1483 2856 1678 2933 sudoriiica

274 2975 556 3076 (Duhamel)‚
587 2997 848 3077 purgansque,
877 2999 920 3046 ex
952 2973 1196 3071 quibusdam,
1222 2974 1429 3049 vehemens.
1476 2973 1580 3050 Dosis
1611 3005 1676 3052 au·

268 3111 343 3174 tem
373 3103 488 3173 unciae
507 3101 525 3188 ξ
548 3109 610 3172 aut
635 3122 645 3168 r
666 3101 685 3186 ξ
708 3090 833 3194 (Peyr.
857 3093 958 3192 434)
984 3121 1056 3167 :ex
1076 3095 1152 3169 aliis
1182 3095 1346 3194 (Pupnh.
1369 3099 1511 3171 Gouan.
1530 3099 1675 3200 llaller)

269 3223 440 3298 drachma
462 3226 570 3296 unica
588 3225 626 3294 in
644 3221 789 3320 pulvere
808 3223 893 3292 satis
913 3233 976 3292 est.
998 3217 1123 3294 Narrat
1140 3219 1310 3320 Hansray
1323 3221 1400 3296 haec
1418 3227 1456 3295 in
1474 3223 1593 3298 Persia
1610 3247 1677 3322 pa·

266 3345 398 3420 bulum
413 3345 560 3420 camelis
572 3345 730 3442 praehere
749 3356 929 3453 gratum,
935 3341 1006 3415 sed
1010 3365 1097 3416 mox
1116 3343 1335 3422 lethiferum.
1359 3327 1548 3422 Interddm
1567 3353 1603 3421 in
1622 3373 1677 3422 ce·

266 3473 391 3546 revisit
410 3459 635 3544 conficiendi
653 3495 718 3570 pro
736 3469 899 3542 Humulo
917 3467 1200 3544 substituuntur.

313 3595 418 3693 Ligni
444 3595 646 3694 radicisque
665 3594 782 3669 scobis
811 3593 955 3692 (uncie
987 3619 999 3664 r
1006 3591 1106 3692 4)
1095 3618 1133 3668 ru
1150 3599 1243 3692 aqua
1262 3598 1388 3668 tinore
1413 3595 1547 3683 infusa,
1568 3577 1675 3674 sudo·

265 3744 342 3794 rem
372 3731 537 3816 potenter
571 3719 669 3801 ciet,
702 3731 737 3790 et
765 3717 852 3790 hinc
891 3717 993 3813 quasi
1032 3713 1121 3813 ligni
1154 3719 1344 3816 guayacini
1378 3719 1647 3795 succedanea'
1637 3748 1675 3796 rn

263 3842 401 3916 morbis
432 3839 643 3939 syphiliticis
671 3837 1006 3936 rheumatismoque
1034 3839 1208 3914 chronico
1239 3839 1494 3914 commendata
1517 3855 1581 3916 est.
1622 3845 1674 3917 Ex

265 3963 392 4037 eadem
417 3965 538 4036 oleum
559 3965 933 4061 empyreumaticum,
952 3961 1121 4040 ioetidum
1147 3963 1350 4040 distillatur.
1381 4009 1428 4022 -
1446 3961 1531 4043 Haec
1549 3973 1672 4046 omnia

264 4067 529 4166 medicamenta
557 4063 662 4161 nuuc⁸
687 4085 858 4160 obsoleta.

888 4305 1052 4422 GATUhilS·

316 4459 357 4534 C.
375 4457 610 4572 promeres,
629 4463 820 4536 arbuscula
833 4437 1031 4539 indica-
1052 4495 1065 4532 r
1086 4467 1221 4540 Doctor
1239 4468 1360 4564 Pryon
1377 4480 1479 4544 notat
1500 4468 1597 4564 qntld
1610 4467 1675 4540 llo·

273 4605 287 4646 ι
315 4603 370 4655 res
392 4563 602 4680 speciiicum
620 4587 804 4682 prebeant
825 4589 1062 4662 remedium'
1049 4613 1089 4662 rn
1107 4587 1281 4662 diarrhaea
1308 4603 1343 4664 et
1365 4595 1467 4664 omni
1483 4592 1613 4666 morbo
1630 4613 1673 4666 ex

274 4731 290 4768 e
316 4705 463 4778 laxitate
478 4727 647 4780 rasorum
665 4721 760 4790 orto,
774 4712 908 4784 sicum
926 4718 1019 4810 aqua
1035 4725 1259 4811 coquantur,
1273 4710 1351 4784 vel·
1341 4735 1378 4784 rn
1393 4719 1562 4788 conserva
1576 4713 1676 4786 adhi-

272 4853 288 4894 ι
315 4825 481 4903 beantur.
507 4861 520 4898 ι
549 4829 937 4930 (terminaret.)
