4752 6020
1349 681 1364 780 t
1390 684 1436 756 ⁸0
1463 681 1477 782 l

1190 851 1193 859 Α
1242 889 1247 898 ·
1363 880 1472 950 otccl'.

766 1051 807 1124 C.
840 1052 1019 1148 disticha,
1049 1053 1216 1126 truticula
1241 1054 1374 1164 indica.
1403 1035 1468 1136 «E
1489 1056 1587 1136 ¹foliis
1614 1078 1698 1128 cum
1721 1061 1814 1154 aqua
1844 1053 2118 1130 communide·

723 1204 750 1240 ι-
765 1191 910 1252 coetum
935 1179 1124 1264 conficitur
1146 1177 1244 1274 quod
1261 1177 1409 1251 sudores
1434 1192 1555 1258 movet
1577 1193 1611 1252 et
1632 1181 1783 1276 variolos
1810 1181 1968 1278 expellit.
1993 1211 2005 1245 ι
2033 1179 2117 1250 Haec

714 1299 812 1372 Reed
831 1301 891 1402 (3.
917 1303 1009 1400 58),
1034 1302 1206 1398 additque
1229 1301 1411 1385 radicem,
1437 1304 1539 1402 cujus
1560 1325 1690 1374 succus
1716 1304 1911 1376 lactescens
1934 1305 2046 1384 acris,
2072 1297 2117 1372 ad

712 1426 885 1496 ciendum
905 1429 1082 1498 vomitum
1096 1427 1289 1520 alvumque
1310 1425 1503 1498 laxandam
1522 1425 1706 1508 adhiberi,
1723 1426 1786 1499 sed
1803 1423 2024 1520 quibusdam
2042 1423 2117 1493 aliis

713 1547 969 1630 commixtam
988 1548 1144 1644 solisque
1162 1559 1285 1630 cocta,
1306 1544 1352 1646 ad
1368 1546 1549 1620 sudorem.
1571 1549 1722 1622 Fructus
1739 1549 1968 1621 baccilormis
1981 1549 2120 1640 integu-

714 1647 881 1738 mentum
899 1692 1093 1741 carnosum
1108 1720 1117 1752 ‚
1132 1670 1266 1766 saporis
1284 1666 1450 1742 subacidi
1469 1671 1802 1768 refrigerantisque‚
1816 1669 1976 1768 jucunde
1991 1681 2025 1739 et
2041 1667 2119 1740 tuto

715 1788 932 1872 comeditur,
958 1793 1051 1862 sicut
1075 1803 1110 1862 et
1136 1791 1174 1860 in
1203 1789 1244 1860 C.
1271 1793 1458 1862 racemosa
1485 1792 1593 1863 Lour.
1627 1789 1759 1888 (680).
1791 1789 1844 1864 De
1861 1793 2046 1868 seminum
2062 1789 2118 1876 vi,

715 1913 877 2008 protecto
895 1912 1107 1999 cathartica,
1128 1927 1249 1987 tacent
1267 1929 1443 1987 auctores

769 2036 995 2121 Tricorium,
1015 2037 1335 2110 cochsncluneusrs
1349 2037 1562 2124 arbuscula,
1583 2061 1663 2136 quae
1682 2035 1798 2112 Crecae
1815 2035 2120 2134 affiu1s‚drupam

719 2186 863 2269 quoque
888 2165 956 2238 fert
981 2133 1216 2238 esculentam.
1250 2165 1382 2262 (Lonr.
1401 2167 1484 2240 680.
1500 2165 1547 2263 )

1341 2378 1498 2434 cluunt.
1556 2371 1573 2410 ¹
1666 2376 1668 2385 '

772 2539 815 2609 C.
844 2539 1004 2636 collina,
1023 2540 1212 2612 arbuscula
1238 2539 1371 2614 iudica.
1394 2581 1440 2596 --
1458 2540 1696 2640 Capsularum
1715 2553 1837 2616 cortex
1855 2537 1987 2614 dieitur
2003 2537 2126 2612 admo·

722 2659 811 2734 diam
829 2683 1056 2748 venenosus,
1077 2674 1229 2734 testante
1247 2661 1456 2770 Roxlsurgh.

1340 2883 1521 2934 cootoeorr.

724 3016 1101 3138 'C.variegatum,
1125 3040 1242 3114 frutex
1261 3040 1582 3114 moluccanusa-
1536 3037 1719 3134 Hurus
1737 3039 1923 3112 varietates
1942 3033 2127 3110 nonnulle

721 3167 819 3236 velut
836 3165 1013 3271 distinctae
1032 3167 1167 3263 species
1185 3164 1440 3278 deseribuntur
1453 3165 1473 3236 d
1487 3161 1694 3258 Rumphio
1713 3186 1785 3278 quo
1803 3173 1979 3242 testante,
2007 3191 2020 3224 ι
2047 3184 2129 3232 om-

729 3292 876 3359 «nium
892 3299 1013 3359 cortex
1031 3301 1065 3358 et
1083 3286 1220 3359 radices
1234 3288 1358 3358 calidae
1377 3301 1462 3358 sunt
1478 3299 1631 3366 naturae,
1643 3288 1713 3358 oris
1727 3309 1767 3356 ac
1782 3287 1944 3358 faucium
1962 3283 2127 3358 ardorem

729 3437 743 3473 ι
772 3411 992 3492 excitantes
1014 3410 1075 3505 qui
1093 3387 1156 3506 per
1168 3423 1284 3482 totam
1301 3413 1520 3510 persentitur
1532 3406 1657 3482 diem.
1666 3440 1679 3473 ι
1701 3407 1770 3480 Sed
1787 3407 1966 3506 praecipue
1983 3405 2131 3478 varieta-

634 3554 640 3570 ·
721 3533 766 3602 tis
783 3530 851 3602 snb
874 3529 1086 3602 nomineC.
1109 3531 1293 3624 sy'lvestres
1309 3546 1518 3606 memoratae
1541 3532 1642 3603 radix
1665 3561 1677 3595 ι
1704 3531 1749 3602 ab
1773 3529 2071 3602 Uliassercusibus
2093 3537 2128 3600 et

730 3685 743 3719 ι
772 3622 994 3726 Nossalautae
1007 3657 1151 3754 populis
1171 3655 1365 3728 adhibetur
1381 3655 1557 3752 tauqudm
1570 3677 1728 3752 purgans
1741 3653 1903 3750 vulgare,
1920 3654 2024 3748 eujus
2039 3653 2128 3722 irus·

729 3808 742 3840 ι
769 3780 889 3850 tulum
908 3779 1155 3874 semidigitum
1169 3780 1320 3876 longum
1339 3782 1497 3877 sumitur
1510 3801 1549 3849 ae
1567 3780 1777 3850 masticatur
1793 3801 1877 3850 cum
1891 3779 1950 3848 siri
1966 3781 2127 3872 pinungd

728 3929 742 3962 ι
773 3899 893 3996 (areca
913 3899 1111 3998 catheeu),
1132 3903 1281 3998 ejusque
1295 3901 1494 3996 deglutitur
1507 3925 1636 3976 succus
1647 3888 1660 3984 ξ
1680 3903 1842 4013 faucium
1861 3901 1942 3972 vero
1961 3899 2125 3971 ardorem

730 4056 743 4090 ι
771 4028 902 4098 excitat
920 4023 1138 4108 notabilem,
1154 4037 1221 4095 etc.
1245 4055 1258 4090 ι
1281 4025 1377 4095 Folia
1396 4037 1519 4098 autem
1541 4055 1554 4089 ι
1570 4023 1713 4098 modice
1727 4039 1812 4098 sunt
1826 4025 2068 4120 refrigerantia
2087 4047 2127 4095 ac

726 4182 740 4217 ι
760 4154 896 4248 saporis
913 4149 1175 4233 dulcescentia,
1191 4161 1385 4248 teneraque
1400 4153 1438 4224 in
1457 4152 1534 4223 olus
1554 4155 1661 4249 coqui
1677 4163 1840 4246 possunt.
1861 4145 2067 4244 ·(Rumph.
2086 4147 2121 4218 6.

720 4274 825 4371 chap.
853 4295 911 4368 29.
934 4271 1023 4366 31.)

1251 4416 1259 4432 ·
1351 4397 1496 4446 ronuta.

770 4551 810 4624 C.
828 4548 1141 4624 eordinclu'neusrs
1151 4604 1166 4648 ,
1181 4552 1382 4626 arbuscula.
1396 4582 1468 4616 -ι
1484 4552 1635 4624 Gummi
1655 4551 1742 4642 albi,
1763 4552 1921 4634 tenacis,
1937 4573 1980 4622 ex
2000 4549 2123 4620 arbore

728 4701 741 4738 ι
769 4675 952 4746 manantis
975 4675 1085 4744 virtus
1109 4677 1283 4758 emetica,
1303 4697 1482 4771 purgans,
1508 4674 1773 4748 desobstruens.
1790 4672 1991 4746 Prudenter
2011 4670 2123 4742 admi·

725 4825 738 4861 ι
766 4798 914 4868 nistrata
933 4795 1023 4866 valet
1046 4798 1083 4868 in
1107 4797 1232 4870 rebelli
1250 4793 1412 4892 hydrope
1432 4808 1466 4868 et
1485 4795 1803 4876 obstructionibus.
1823 4826 1836 4862 s
1860 4794 1988 4892 (Lour-
2008 4789 2119 4892 743.)
