4752 6020
1327 655 1342 734 i
1368 659 1415 748 84
1440 659 1453 733 l

1290 871 1524 922 crozorssoas.

762 1047 803 1118 C.
826 1048 992 1116 tinctorio
1009 1065 1070 1114 seu
1092 1040 1227 1112 Croton
1245 1045 1473 1124 tinctorium,
1493 1041 1599 1134 vulgo
1622 1039 1851 1134 Tournesol,
1870 1041 1981 1114 herba
1999 1064 2105 1114 euro-

710 1190 834 1263 paeana
863 1167 1037 1238 australis.
1057 1163 1232 1258 -Sapor
1256 1168 1371 1247 aorls;
1391 1168 1502 1236 virtus
1524 1167 1700 1246 emetica,
1717 1161 1890 1244 mastica,
1911 1166 2100 1236 corrosiva.

710 1269 814 1363 Hanc
841 1289 973 1360 medici
996 1287 1097 1358 nullo
1121 1289 1158 1357 in
1183 1310 1250 1358 usu
1272 1284 1435 1366 habent;
1462 1297 1595 1357 veteres
1617 1299 1762 1370 tamen,
1787 1287 1950 1368 Plinius,
1974 1284 2104 1356 Carsul-

709 1413 849 1506 pinus,
877 1409 1148 1490 uoerhaavtus,
1183 1410 1261 1502 jure
1294 1406 1422 1479 Ricino
1457 1407 1744 1504 Euphorbiaeque
1781 1420 2103 1504 comparaverunt,

713 1529 991 1626 affirmentque,
1025 1525 1224 1600 seminibus
1257 1526 1334 1622 ejus
1363 1528 1400 1596 in
1426 1527 1610 1621 pulverem
1647 1529 1808 1598 contritis
1845 1549 2001 1621 cumque
2026 1527 2104 1598 olen

709 1654 879 1744 ingestis,
902 1649 1095 1722 rathamim
1120 1649 1255 1743 optim'e
1278 1649 1373 1718 cieri.
1401 1647 1539 1720 Succus
1561 1651 1637 1745 ejus
1659 1652 1828 1743 spissatus
1846 1699 1856 1731 ‚
1874 1647 1942 1718 sub
1956 1652 2104 1720 nomine

714 1773 824 1843 lacmi
837 1775 1021 1868 vulgatus,
1040 1774 1073 1842 vi
1091 1769 1218 1842 eadem
1236 1794 1277 1843 ac
1295 1771 1432 1843 fruetus
1449 1772 1553 1842 valet.
1576 1769 1695 1856 Quem
1712 1771 1879 1864 Bergius,
1895 1769 1980 1840 ciam
2000 1783 2105 1862 gustu

712 1895 986 1988 exploravisset,
1009 1915 1069 1964 ore
1094 1889 1224 1962 deinde
1254 1914 1327 1961 nnn
1351 1891 1510 1973 colluto,
1538 1890 1721 1986 oesophagi
1743 1893 2002 1974 irritationem,
2029 1912 2107 1962 car-

713 2013 909 2108 dialgiam,
932 2015 1142 2108 vertiginem
1162 2023 1329 2108 expertus
1347 2024 1414 2086 est.
1441 2011 1456 2106 (
1468 2012 1609 2086 Gouan.
1633 2010 1747 2108 357.)

1317 2227 1497 2278 nstrum.

758 2401 811 2472 D.
832 2399 919 2471 olba
936 2415 971 2472 et
989 2399 1038 2470 D.
1059 2423 1184 2470 crocea
1193 2450 1208 2493 ‚
1227 2398 1369 2472 arbores
1389 2399 1605 2494 fruticesque
1624 2400 1816 2471 antillanae.
1840 2438 1888 2454 -
1904 2399 1947 2470 ln
1964 2401 2104 2495 priore,

712 2523 849 2592 tructus
877 2521 1125 2616 drupaelormis
1153 2521 1263 2616 pulpa
1289 2521 1424 2613 saporis
1453 2543 1607 2616 expers,
1638 2524 1902 2619 perispermum
1926 2521 2108 2614 paulisper

712 2662 803 2713 acre.
832 2641 935 2713 Idem
959 2645 997 2712 in
1022 2642 1214 2736 posteriore
1237 2641 1399 2715 lancium
1425 2640 1588 2714 ardorem
1607 2644 1699 2725 ciet,
1725 2645 1859 2737 sinapis
1879 2645 1992 2712 instar
2007 2663 2107 2712 acer·

713 2767 825 2837 rimae.
846 2764 921 2860 (Ex
939 2765 1120 2861 Poiteau.)

1305 2937 1519 2990 moeones.

759 3107 808 3180 E.
830 3133 1030 3180 verrucosa
1057 3131 1119 3180 seu
1138 3107 1338 3204 Dryander
1360 3107 1509 3180 cordata
1518 3161 1533 3202 ‚
1553 3109 1657 3182 arbor
1674 3109 1839 3206 japonica
1856 3133 1867 3190 ς
1887 3121 1922 3179 et
1948 3097 1995 3178 E.
2020 3107 2108 3178 νέμ-

710 3233 807 3300 rrioia
825 3256 887 3302 seu
909 3231 954 3302 V
949 3231 1088 3300 ernr'eio
1106 3246 1297 3316 montona,
1317 3231 1421 3304 arbor
1434 3231 1774 3304 usensis-Amba
1788 3233 1911 3325 magni
1924 3229 2107 3302 commodi

711 3364 857 3447 propter
881 3349 1070 3424 abundans
1089 3353 1210 3425 oleum
1233 3355 1253 3425 ὸ
1271 3355 1470 3427 seminibus
1489 3377 1722 3452 expressum,
1741 3357 1778 3427 in
1801 3355 1859 3426 ills
1877 3355 2044 3449 lychnis,
2069 3357 2105 3424 in
2146 3403 2151 3412 ·

711 3469 780 3542 htc
801 3472 907 3565 lignis
929 3473 1079 3570 telisque
1095 3473 1300 3562 illinendis,
1323 3478 1436 3560 utile;
1456 3477 1518 3550 sed
1538 3480 1576 3548 in
1595 3482 1747 3560 neutrt,
1767 3478 1816 3548 rei
1838 3475 2000 3561 cibariae,
2023 3477 2107 3571 quia

713 3589 847 3665 scilicet
866 3595 992 3665 acrius.

1332 3739 1489 3791 sununs.

757 3906 807 3979 E.
833 3903 1025 4006 qffior'rralr's
1037 3962 1054 4003 ,
1080 3909 1185 3982 arbor
1201 3909 1332 3982 indica.
1354 3913 1570 3984 —Fructus
1594 3916 1656 4008 qui
1674 3911 1933 4010 myrobalanus
1954 3910 2106 3982 errrbliea

711 4029 804 4103 offic.
822 4081 832 4114 ‚
852 4031 1127 4128 drupaelormis,
1152 4053 1276 4127 sapore
1291 4033 1480 4106 manifeste
1494 4033 1595 4105 acido
1610 4049 1645 4105 et
1664 4039 1890 4130 astringente.
1916 4033 2104 4106 «Siocatus

717 4181 731 4215 ι
760 4165 883 4224 autem
901 4176 966 4247 pro
984 4155 1063 4222 miti
1080 4165 1255 4249 purgante
1273 4151 1418 4225 habitus
1435 4168 1513 4241 est,
1533 4156 1596 4227 sed
1610 4158 1725 4263 verilis
1743 4157 1961 4252 astringendi
1974 4157 2107 4254 poten·

720 4303 732 4338 ι
760 4277 809 4345 tis
828 4275 948 4371 pollet.
972 4273 1170 4345 Decootum
1188 4273 1273 4346 inde
1290 4290 1456 4370 paratum
1475 4292 1599 4349 contra
1616 4279 1859 4373 dysenteriam
1876 4280 2015 4376 aliaque
2038 4279 2106 4350 alvi

722 4421 734 4454 ι
760 4393 932 4488 profluvia
949 4395 987 4464 in
1003 4391 1109 4464 laude
1127 4393 1206 4467 luit.
1232 4425 1245 4462 ι
1277 4397 1410 4490 (llurr.
1433 4397 1468 4486 4.
1498 4399 1606 4494 127.)
