4756 6014
1339 728 1468 831 (rii

618 915 622 922 2
704 879 854 952 celerior
883 893 991 976 atque
1020 881 1187 992 plenior,
1219 882 1416 976 praesertim
1441 882 1479 950 in
1506 878 1734 974 capillaribus
1756 903 1766 948 ε
1792 876 1879 948 hinc
1904 879 2109 972 trequentes

702 1001 846 1086 fluxus;
866 1017 929 1074 aut
953 1007 991 1074 in
1022 1017 1105 1076 cute
1134 1002 1266 1086 sud0r3
1294 1005 1420 1074 autin
1451 1015 1553 1076 utero
1579 1003 1763 1074 mensium
1789 1003 1956 1096 eruptio;
1982 1001 2107 1070 autin

703 1127 850 1198 renibus
879 1128 1057 1221 copiosior
1087 1129 1201 1196 urina,
1232 1127 1401 1197 secretio·
1431 1127 1590 1220 Augetur
1617 1125 1726 1198 simul
1750 1124 1957 1196 vassalorum
1983 1121 2108 1192 absor-

701 1250 867 1322 bentium
895 1261 1034 1331 suctus,
1065 1249 1162 1347 quod
1190 1251 1341 1321 atonicae
1368 1251 1609 1345 congestionis
1636 1250 1871 1331 resolutioni,
1890 1246 2105 1342 hydropicae

701 1367 831 1470 passivi
849 1357 1027 1446 curatio'ni
1046 1371 1162 1444 iacere
1179 1383 1309 1467 potest.

748 1494 786 1567 Si
808 1496 1119 1568 medicamentum
1137 1498 1255 1566 acrius
1280 1507 1343 1565 aut
1368 1495 1490 1568 minias
1508 1518 1659 1590 parcum
1677 1492 1913 1574 exhibeatur,
1928 1493 2007 1564 ioca
2027 1494 2104 1586 ipsa

700 1641 780 1716 quae
798 1623 932 1714 tangit,
955 1619 1080 1691 irritat.
1110 1616 1231 1696 Hinc,
1257 1619 1287 1687 si
1305 1618 1422 1689 canali
1445 1620 1701 1688 intestinorum
1728 1615 1979 1696 admoveatur,
2006 1635 2104 1684 nunc

701 1745 858 1826 amasis,
888 1766 986 1813 nunc
1017 1739 1219 1824 catharsis,
1250 1743 1343 1836 saepe
1374 1755 1539 1838 utraque.
1562 1742 1666 1812 Tunc
1689 1738 1932 1834 phaenomena
1961 1749 2103 1809 exstant

701 1887 847 1961 quoque
873 1863 1055 1959 generalia
1081 1863 1274 1962 quaedam,
1296 1864 1359 1936 sed
1382 1865 1504 1937 minias
1525 1866 1619 1936 clara
1640 1877 1786 1961 propter
1811 1867 1988 1960 majorem
2005 1865 2103 1936 loca·

697 1989 790 2062 lium
807 1991 1069 2062 intensitatem.

744 2111 783 2184 Si
806 2109 963 2209 denique
981 2111 1190 2184 substantie
1208 2114 1397 2183 excitantis
1423 2125 1460 2182 et
1487 2113 1539 2182 vis
1565 2113 1738 2183 acerrima
1765 2113 1832 2194 sit,
1860 2123 1897 2181 et
1921 2107 2016 2182 dosis
2037 2125 2101 2184 co·

693 2235 824 2336 piosa,
850 2236 930 2306 loca
955 2257 1035 2332 quae
1065 2236 1103 2304 in
1132 2245 1302 2306 contactu
1330 2257 1414 2304 cum
1439 2238 1515 2329 ipsa
1540 2235 1827 2306 inflammantur.
1854 2231 1949 2304 Hinc
1974 2230 2102 2330 phleg-

695 2360 894 2434 masiarum
924 2358 1061 2430 diversa
1101 2359 1202 2453 signa
1231 2357 1448 2454 diverseque
1478 2357 1655 2429 laesiones.
1694 2357 1788 2429 Hinc
1824 2357 1917 2454 saep'e
1956 2379 2101 2454 quoque

695 2480 922 2578 sympatbica
946 2481 1150 2576 systematis
1177 2483 1315 2587 neryosi
1333 2481 1581 2578 perturbatio,
1604 2505 1685 2578 qun
1706 2479 1872 2552 lethifera
1896 2481 2005 2551 etiam
2023 2503 2100 2550 esse

692 2615 835 2700 potest,
853 2606 969 2700 spatio
988 2603 1258 2700 nonnunquam
1279 2608 1453 2700 temporis
1470 2605 1623 2676 breviori
1648 2604 1759 2700 quim
1777 2616 1819 2674 ut
1840 2605 1977 2675 laesioni
1995 2625 2103 2698 orga-

694 2748 827 2798 norum
850 2727 1042 2799 suffecerit.

739 2849 867 2948 ltaque
885 2853 979 2921 inter
1006 2848 1250 2922 medicamina
1280 2871 1360 2946 quae
1393 2849 1613 2936 sudorifica,
1639 2849 1874 2948 hydragoga‚
1909 2871 2099 2921 emmena·

691 2997 805 3073 goga,
830 2975 1028 3060 diurctica,
1051 2979 1232 3058 emetica,
1256 2979 1442 3071 purgativa
1474 2989 1675 3058 vocantur,
1704 2999 1836 3071 magna
1865 2973 2065 3050 similitudo
2085 3003 2097 3058 ς

690 3111 793 3174 tanta
806 3099 955 3196 quidem
968 3150 979 3183 ,
994 3111 1036 3168 ut
1048 3121 1167 3169 unum
1179 3111 1286 3194 atque
1301 3097 1400 3168 idem
1414 3099 1599 3170 interdum
1618 3099 1782 3196 pluribus
1797 3097 1931 3169 finibus
1949 3122 2100 3197 respou-

693 3221 776 3294 deat
797 3249 806 3292 :
826 3233 936 3316 atque
953 3243 996 3290 cx
1013 3217 1070 3290 bis
1088 3195 1205 3290 muita
1223 3221 1333 3290 ctiam
1349 3233 1435 3292 sunt
1453 3245 1533 3315 quae
1550 3221 1732 3294 dsencnis
1758 3219 1838 3292 dosi
1860 3221 2005 3292 tantiam
2023 3219 2098 3292 dis-

688 3355 856 3440 crepent,
874 3341 973 3438 quod
989 3341 1227 3414 manifestum
1244 3342 1284 3411 iit
1300 3344 1339 3414 in
1357 3345 1581 3440 toxicologia.
1599 3344 1697 3417 libris
1716 3367 1867 3441 corpora
1879 3347 2096 3416 recensenti-

687 3467 757 3540 bus
781 3465 953 3562 pleraque
971 3463 1098 3536 eadem
1118 3488 1158 3536 ac
1176 3463 1479 3563 pharmacologia.

738 3587 880 3676 Quibus
907 3590 1126 3683 praemissis,
1146 3591 1197 3661 vis
1223 3590 1580 3686 Euphorbiacearum
1601 3647 1609 3674 ,
1634 3596 1798 3688 quamvis
1828 3615 1928 3666 nunc
1953 3595 2093 3679 leniris,

687 3731 787 3784 nunc
821 3707 1136 3784 vehementissimi
1166 3725 1360 3808 operetur,
1388 3714 1456 3786 sibi
1484 3727 1608 3786 tamen
1636 3729 1800 3788 constare
1827 3739 1970 3815 semper
1993 3720 2096 3792 inve-

687 3838 827 3917 nietur;
845 3813 1057 3930 praesertim,
1076 3838 1105 3906 si
1122 3838 1213 3907 ratio
1231 3835 1409 3910 habeatur
1427 3837 1630 3910 multorum
1650 3891 1661 3924 ‚
1693 3840 1825 3936 quibus
1846 3840 2091 3930 variantibus,

684 3961 738 4032 ris
761 3956 840 4030 baec
863 3982 1008 4055 quoque
1030 3961 1161 4042 variat,
1190 3973 1231 4030 ut
1253 3962 1390 4054 optime
1410 3960 1629 4034 clarissimus
1647 3962 1700 4035 De
1719 3962 1894 4036 Candolic
1918 3965 2090 4049 edocuit;

685 4084 717 4154 si
740 4079 828 4154 binc
853 4083 988 4155 scilicet
1015 4081 1174 4179 plante,
1197 4104 1309 4178 quam
1336 4084 1519 4179 explores,
1550 4109 1665 4180 genus
1685 4089 1869 4184 ,species,
1890 4111 2000 4184 pars,
2024 4113 2090 4186 pa-

683 4208 774 4290 tria,
796 4205 922 4278 seduld
942 4216 1134 4287 notentur,
1158 4203 1327 4276 indivisi
1351 4211 1508 4302 eorporis
1527 4211 1585 4279 cui
1604 4210 1805 4306 applicatur
1821 4222 1946 4282 status.

730 4327 884 4398 Lacteus
911 4326 1046 4398 scilicet
1064 4299 1200 4398 *succus
1235 4342 1289 4399 est
1319 4329 1357 4399 in
1388 4353 1461 4426 quo
1496 4333 1673 4428 principia
1707 4335 1878 4404 acerrima
1913 4331 2102 4408 abscondi*

681 4447 883 4524 rideantur.
924 4449 1076 4520 Necesse
1106 4453 1214 4546 igitur
1246 4463 1300 4522 est
1330 4473 1461 4546 magna
1498 4457 1759 4551 proprietatum
1790 4459 1918 4529 existat
1953 4457 2089 4529 discre-

680 4576 807 4670 pantia
832 4577 945 4647 varias
976 4576 1070 4646 inter
1102 4575 1264 4671 ejusdem
1300 4577 1432 4672 plantae
1462 4591 1581 4674 partes
1615 4580 1696 4676 plds
1734 4582 1857 4654 minias
1889 4581 1960 4653 hoc
1993 4583 2087 4653 lacte

680 4697 840 4774 imbutas
860 4724 871 4780 ς
891 4700 1029 4794 major,
1055 4697 1209 4772 diversas
1233 4701 1328 4772 inter
1352 4707 1479 4796 stirpes
1509 4702 1637 4775 eodem
1662 4703 1748 4776 alias
1767 4707 1978 4784 instructas,
1999 4703 2086 4776 alias

676 4823 759 4895 tero
778 4833 933 4918 egentes.
955 4820 1121 4918 Dispares
1139 4836 1246 4894 erunt
1264 4845 1411 4920 quoque
1434 4825 1529 4896 inter
1549 4847 1586 4896 sc
1604 4848 1684 4922 qua
1705 4826 1742 4898 in
1766 4826 1880 4922 plagis
1900 4839 2089 4900 creverunt
