4752 6020
679 311 802 440 s

879 687 1009 784 (87)

247 849 373 908 mento
400 848 434 908 et
458 840 497 907 in
520 835 739 910 animalibus
762 835 1000 907 confirmatur
1022 847 1058 905 et
1079 837 1116 905 in
1132 831 1295 906 homine.
1327 837 1446 908 Unum
1464 843 1564 910 enirn
1582 852 1645 910 aut

249 959 400 1028 alterum
429 961 553 1030 rustici
578 958 729 1055 saepiirs,
756 956 802 1028 ad
829 957 948 1028 alvum
979 955 1217 1038 solvendam,
1243 959 1411 1030 mulieres
1439 961 1571 1055 plura,
1600 959 1644 1032 ad

245 1081 516 1175 provocandum
536 1079 723 1162 abortum,
743 1102 885 1149 sumere
905 1091 1106 1149 narrantur.
1134 1075 1247 1174 (th.
1264 1081 1372 1151 llnrr.
1395 1082 1431 1170 4.
1459 1083 1563 1179 ιοὸ.)

297 1201 480 1273 Foliorum
496 1203 575 1296 ejus
593 1203 691 1272 succi
710 1203 827 1272 unciae
852 1201 876 1270 8
900 1202 983 1270 cani
1007 1198 1123 1269 valido
1141 1201 1310 1292 ingesto,
1339 1215 1490 1272 conatus
1513 1201 1557 1271 ad
1587 1226 1649 1274 ro-

247 1322 424 1395 mendum
446 1326 591 1419 primd,
615 1323 683 1394 alui
709 1323 953 1420 dejectiones,
978 1321 1222 1404 debilitatem,
1246 1333 1387 1420 postera
1414 1327 1470 1398 die
1497 1329 1649 1400 convul-

248 1447 368 1518 sioncs
395 1459 433 1517 et
465 1461 620 1519 mortem
639 1449 800 1518 attuldre.
835 1445 1032 1518 Pulmones
1056 1449 1094 1516 in
1121 1447 1290 1520 cadavere
1319 1449 1449 1536 lividi,
1472 1455 1648 1544 sangnine

249 1581 419 1662 congesto
443 1569 571 1650 densi,
602 1571 816 1641 intestinum
847 1549 990 1641 rectum
1013 1571 1164 1640 maculis
1195 1570 1412 1666 quibusdam
1436 1573 1649 1644 rubentibus

251 1701 427 1760 notatum.
455 1687 555 1785 (Ori.
581 1713 613 1761 2.
637 1691 694 1780 54.
711 1717 724 1786 p
741 1730 787 1743 -
802 1687 974 1784 Ejusdem
989 1693 1107 1784 granis
1126 1713 1169 1760 ao
1185 1691 1244 1760 feli
1258 1691 1450 1778 exhibitis,
1465 1697 1650 1765 succussio

251 1813 399 1906 capitis,
419 1813 548 1898 tussis,
566 1825 877 1896 sternutamenta,
900 1826 1034 1884 hemor
1054 1825 1090 1884 et
1112 1827 1234 1886 motus
1258 1817 1368 1886 totius
1386 1821 1543 1912 corporis
1561 1839 1651 1888 con·

250 1931 396 2016 subiri,
415 1957 502 2007 mox
518 1934 758 2030 dejectiones,
783 1946 926 2028 agraet
944 1933 1092 2006 sibilans
1106 1937 1315 2030 respiratio,
1334 1942 1417 2009 vani
1436 1937 1481 2007 ad
1498 1961 1652 2010 vomen-

253 2051 343 2126 dum
356 2070 508 2128 conatus
523 2107 533 2142 ,
549 2079 677 2152 corpus
691 2057 897 2140 immobile,
913 2057 1009 2128 oculi
1021 2053 1158 2139 elausi3
1177 2057 1359 2155 denique,
1378 2074 1459 2156 post
1471 2063 1651 2132 vomitum

252 2179 497 2264 concitatum,
517 2181 665 2250 curatio.
690 2177 863 2272 (Sprdgel
882 2199 961 2272 exp.
985 2179 1066 2248 cire.
1086 2197 1215 2250 tenen.
1243 2179 1327 2274 tn.)
1361 2261 1368 2274 ,

302 2299 433 2371 Cortex
455 2300 583 2373 radicis
601 2302 833 2398 cauliumque
854 2303 890 2371 in
909 2301 1091 2396 pulverem
1118 2303 1282 2374 redactus
1304 2315 1341 2373 et
1360 2303 1438 2376 dosi
1457 2325 1649 2398 granorum

260 2425 370 2496 15-30
394 2438 583 2523 sumptus,
610 2425 820 2497 cartharsim
844 2427 939 2508 ciet,
967 2426 1027 2496 cui
1053 2426 1208 2496 vomitus
1233 2449 1402 2523 quoque,
1422 2425 1484 2500 scd
1502 2429 1651 2500 rariores

257 2545 445 2617 accedunt.
471 2546 590 2643 (Lois.
614 2545 742 2642 Desl.)
1337 2565 1354 2576 “

291 2666 351 2738 E.
370 2667 524 2766 peplus,
541 2667 653 2740 herba
670 2679 895 2762 europae'ana.
912 2667 1111 2738 -Mulieri
1127 2671 1278 2744 tertiana
1291 2668 1469 2742 laboranti
1483 2693 1591 2766 grana
1609 2693 1653 2742 ao

256 2789 384 2862 radicis
409 2791 486 2886 ejus
511 2793 549 2860 in
574 2790 758 2884 pulverem
780 2788 914 2859 redacti
936 2791 1072 2882 ingesta
1093 2790 1213 2872 fuere,
1234 2803 1269 2860 et
1287 2794 1364 2862 sine
1383 2800 1515 2862 nausea
1538 2819 1546 2862 :
1570 2793 1654 2865 inus

258 2911 477 3008 dejectiones
502 2925 600 2996 tres,
626 2911 760 3006 absque
790 2907 921 2983 colicis.
950 2910 1070 3008 (Lois.
1107 2909 1234 3008 llesl.)
1262 2953 1310 2966 —-
1343 2913 1422 2983 «ln
1454 2914 1585 2984 Alsatia
1616 2919 1654 2986 in

268 3065 281 3098 r
310 3034 529 3108 medicinam
547 3035 732 3130 recipitur,
755 3034 904 3130 ejusque
922 3046 1043 3106 cortex
1059 3036 1097 3103 in
1115 3031 1276 3132 hydrope
1294 3030 1474 3107 drachmae
1493 3036 1655 3131 pondere

269 3191 281 3224 ι
307 3161 530 3256 propinatur.
554 3188 567 3222 ι
600 3155 722 3252 (Hall.
746 3179 778 3227 n.
807 3155 888 3253 ro.)

309 3279 357 3350 Ε.
371 3280 544 3379 pithyusa
554 3331 567 3372 ,
587 3279 704 3349 frutex
718 3299 956 3373 weuropaeanus
973 3277 1148 3349 australis.
1166 3317 1209 3330 ·-
1227 3277 1370 3349 lladicis
1385 3263 1505 3349 cdrtex
1518 3280 1554 3348 in
1572 3279 1656 3374 pul—

262 3429 380 3477 verem
405 3407 510 3476 tritus
540 3404 638 3497 aegris
662 3403 808 3495 triginta
834 3414 870 3470 et
897 3423 958 3472 sert
983 3399 1177 3494 purgandis
1202 3403 1424 3496 propinatur.
1463 3400 1556 3472 Hine
1591 3402 1658 3474 alvi

265 3527 480 3624 dejectiones
499 3524 581 3621 plds
604 3523 725 3594 mimis
749 3523 904 3617 copiosae
925 3523 962 3590 in
985 3521 1174 3603 omnibus,
1194 3523 1231 3590 iu
1251 3522 1470 3616 quibusdam
1487 3524 1657 3618 praeterei

263 3627 443 3731 vomitus,
463 3645 525 3718 sed
544 3645 659 3716 multd
678 3645 798 3714 rarior.
824 3641 938 3740 (Lois.
961 3641 1085 3737 Desl.)

311 3771 358 3840 E.
381 3769 551 3866 sylvatrca
560 3821 574 3861 ,
593 3767 703 3838 herba
721 3787 944 3861 curopaeana.
970 3805 1018 3818 -
1038 3763 1181 3836 Radieis
1202 3763 1355 3835 caulisre
1375 3785 1457 3858 pars
1479 3768 1658 3840 corticalis

262 3895 371 3973 trita,
399 3892 527 3985 saepids
556 3887 777 3969 catharsim‚
807 3887 991 3958 interdtim
1016 3887 1220 3970 vomitum,
1254 3907 1327 3956 non
1357 3887 1437 3957 rard
1463 3898 1658 3984 utrumque

267 4017 345 4086 ciet.
374 4011 491 4110 (Lois.
514 4011 638 4106 Desl.)

313 4136 361 4207 E.
389 4134 562 4227 hiberna,
581 4133 691 4204 herba
713 4153 935 4226 europaeana.
962 4171 1008 4186 -ι-
1038 4129 1170 4200 «luet
1196 4132 1285 4200 aeris
1311 4127 1464 4207 dicitur.
1492 4142 1533 4198 ut
1550 4132 1659 4202 etiam

275 4293 287 4325 ι
315 4280 429 4331 manu
449 4255 705 4352 comprehensa
725 4255 843 4324 alvum
862 4253 980 4324 ducat.
1006 4285 1019 4318 s
1048 4251 1163 4344 (Hall.
1187 4277 1220 4323 n.
1244 4251 1304 4349 8..)

315 4379 362 4450 E.
382 4375 659 4476 ipecacuanhce,
675 4375 848 4447 suffrutex
866 4397 909 4446 cx
924 4373 1085 4445 Ameriei
1099 4373 1244 4444 boreali.
1260 4413 1306 4425 -
1321 4371 1458 4444 Harum
1473 4375 1660 4466 regionum
1733 4447 1736 4454 ,

268 4502 399 4576 medici
425 4503 555 4572 cortice
581 4500 657 4595 ejus
685 4511 862 4584 utuntur,
886 4521 958 4567 non
989 4497 1090 4568 secus
1115 4519 1156 4568 ac
1182 4495 1369 4592 speciebus
1395 4495 1660 4570 Rubiacearum

239 4641 241 4648 ’
271 4623 588 4717 Violacearumque
607 4623 778 4692 emeticis.
809 4617 873 4711 (l.
897 4617 1028 4714 Rich.)

211 4731 214 4738 ’
321 4741 367 4812 Ε.
390 4741 640 4841 gerardinus,
664 4740 786 4813 herba·
801 4763 1024 4837 europaeana.
1046 4779 1091 4794 -
1111 4735 1254 4812 Radicis
1276 4749 1396 4810 cortex
1423 4741 1524 4832 aegns
1542 4741 1664 4834 viginti
