4752 6020
1376 700 1391 795 (
1417 705 1463 776 88
1488 701 1503 798 )

736 862 771 918 et
784 847 861 920 duo
875 847 943 918 sub
960 848 1074 918 formal
1088 847 1337 942 pulverulenti
1347 848 1551 934 exhibitus,
1566 847 1779 935 catharsim,
1794 853 1975 948 simulque
1988 857 2138 924 emesim

738 969 809 1042 iere
828 973 954 1052 toties,
974 972 1066 1038 civit.
1092 969 1210 1062 (Lois.
1234 971 1358 1066 Desl.)

785 1091 835 1160 E.
859 1092 1109 1187 (Ippurissias,
1126 1090 1237 1163 herba
1255 1115 1488 1190 europaeaua,
1501 1118 1582 1189 quae
1603 1094 1720 1166 Esula
1737 1099 1857 1165 minor
1871 1093 2136 1186 offic.-Hujus

736 1215 834 1282 succi
858 1211 974 1282 unciis
998 1213 1019 1282 5
1042 1215 1122 1282 cani
1145 1211 1291 1283 modico
1310 1216 1484 1307 ingestis,
1507 1214 1727 1305 deiectiones
1748 1217 1957 1298 nonnullae,
1979 1214 2137 1285 secunda

737 1357 777 1404 ac
795 1336 897 1404 tertia
912 1332 970 1402 die
987 1335 1163 1429 majorae
1180 1335 1298 1428 major
1314 1336 1476 1416 tristitia,
1494 1359 1562 1405 usu
1582 1349 1706 1406 tamen
1724 1359 1899 1406 sensuum
1916 1347 1953 1406 et
1968 1347 2136 1406 motuum

735 1453 856 1526 adhuc
873 1468 1034 1537 servato,
1054 1455 1211 1548 denique
1234 1477 1344 1524 mors.
1375 1454 1525 1524 liaculae
1546 1457 1691 1526 tanthm
1719 1455 1886 1550 quaedam
1909 1455 2078 1526 rubentes
2096 1457 2135 1524 in

734 1583 908 1652 intestino
926 1593 1022 1650 recto
1040 1579 1300 1660 observantur,
1324 1582 1460 1650 caeteris
1477 1582 1620 1673 organis
1642 1579 1772 1649 illesis.
1806 1577 1905 1672 (Ori.
1929 1603 1963 1648 α.
1985 1576 2073 1670 55.)
2089 1617 2138 1630 —

742 1729 755 1762 ι
783 1701 825 1770 ln
844 1698 1020 1784 homine,
1044 1699 1089 1770 ah
1107 1699 1216 1794 hujus
1234 1699 1383 1772 remedii
1401 1724 1468 1772 usu
1481 1751 1492 1782 ,
1507 1701 1651 1797 delapsa
1667 1716 1704 1772 et
1716 1717 1885 1774 renovata
1896 1707 1989 1775 cutis
2008 1705 2132 1788 faciei,

742 1851 756 1884 ι
784 1835 819 1892 et
832 1824 958 1893 oculus
971 1823 1245 1904 inflammatus,
1268 1826 1481 1918 caecitasque
1503 1837 1624 1894 secuta
1640 1839 1713 1906 est,
1735 1826 1821 1897 crim
1844 1826 1890 1896 ad
1909 1827 2020 1898 clausi
2039 1828 2136 1897 oculi

743 1975 756 2008 ι
783 1944 971 2040 palpebras
988 1969 1119 2018 succus
1132 1946 1300 2048 admotus
1314 1947 1466 2028 fuisset;
1488 1960 1524 2016 et
1542 1947 1690 2018 ioemina
1707 1950 1728 2017 a
1747 1957 1891 2043 sumpta
1910 1949 2028 2021 radice
2044 1953 2138 2020 intra

743 2099 757 2130 ι
784 2071 930 2161 triginta
952 2073 1096 2140 minuta
1121 2073 1250 2140 occisa.
1274 2101 1288 2132 r
1324 2069 1445 2164 (Hall.
1469 2094 1502 2139 2.
1526 2068 1590 2164 8.)
1606 2069 1789 2141 -Reiert
1811 2095 1955 2166 quoque
1974 2070 2136 2142 Lamotte

735 2189 871 2284 clysma
886 2215 929 2260 ex
946 2190 1018 2294 hac
1029 2191 1140 2262 herba
1157 2207 1327 2286 paratum
1346 2190 1556 2264 lethiferum
1575 2193 1695 2264 luisse.
1712 2191 1933 2279 —Quidam
1954 2207 2076 2266 tamen
2094 2199 2137 2263 ea

734 2311 858 2380 minhs
872 2313 1062 2383 infeliciter
1076 2315 1131 2384 usi
1149 2327 1245 2382 suut.
1265 2311 1396 2384 Scribit
1408 2317 1508 2384 euim
1522 2316 1668 2409 llurray
1689 2314 1747 2411 (4.
1772 2315 1874 2410 104.)
1891 2315 2046 2386 radicem
2061 2315 2138 2408 ejus

735 2433 756 2502 a
783 2437 901 2526 granis
922 2433 945 2504 6
963 2433 1008 2502 ad
1031 2458 1076 2504 20
1095 2435 1134 2504 in
1151 2435 1320 2529 pulvere,
1341 2436 1416 2506 imd
1433 2437 1454 2506 tl
1471 2437 1641 2530 scrupulo
1659 2459 1737 2506 uno
1755 2437 1799 2506 ad
1819 2435 2051 2518 drachmam,
2070 2435 2138 2505 alri

735 2554 861 2625 sortiris
880 2556 1048 2626 movendi
1070 2563 1205 2636 causa,
1229 2580 1440 2628 concessam
1459 2559 1593 2639 luisse,
1615 2562 1859 2653 usitatamque
1875 2557 1946 2629 hoc
1958 2559 2031 2628 fine
2048 2557 2136 2626 olim

733 2675 832 2774 apud
857 2681 1036 2780 rusticos,
1060 2678 1158 2751 unde
1177 2701 1311 2750 nomen
1329 2677 1568 2750 libabarbarl
1582 2685 1800 2750 rusticorum
1818 2683 2003 2774 acceperit.
2028 2680 2138 2750 Eam-

732 2799 820 2872 dem
845 2805 1014 2898 preterea
1042 2801 1168 2874 doctor
1196 2801 1679 2898 Loiseleur·l)esloncbamps
1705 2806 1743 2872 in
1768 2802 1905 2874 morbis
1925 2804 2047 2895 viginti
2071 2822 2136 2871 er-

733 2923 906 3019 ploravit,
925 2924 988 2997 sed
1010 2927 1223 3022 prudentids
1252 2925 1353 3020 (dosi
1372 2947 1472 3018 gran.
1500 2925 1641 3019 4-30),
1663 2941 1700 2998 et
1722 2929 1759 2996 in
1781 2927 1962 3021 plerisque
1980 2925 2135 2994 vomitus

734 3048 915 3144 simulque
934 3049 1001 3119 alvi
1020 3047 1268 3141 dejectiones,
1291 3045 1356 3116 has
1380 3060 1503 3116 tamen
1528 3049 1596 3118 illis
1615 3049 1899 3142 frequentiores,
1921 3047 2148 3124 observarit..

781 3167 830 3239 E.
855 3167 1056 3264 palustris,
1079 3168 1197 3237 frutex
1222 3189 1480 3261 europaeanus,
1509 3171 1572 3262 qui
1597 3165 1717 3238 Esulo
1741 3173 1860 3266 major
1878 3167 1972 3238 offic.
1991 3166 2133 3251 -vis,

736 3315 842 3374 usus,
866 3290 1057 3384 dosisque,
1078 3289 1228 3382 perind'e
1259 3311 1299 3360 ac
1322 3289 1569 3383 precedentis.
1606 3320 1619 3352 ι
1640 3291 1683 3360 ln
1711 3289 1839 3360 Russia
1864 3303 1984 3360 autem
2007 3311 2136 3361 succus

742 3442 755 3476 ι
782 3414 859 3506 ejus
883 3433 1008 3482 recens
1033 3412 1207 3504 ingeritur
1230 3409 1389 3506 pondere
1416 3413 1558 3482 circiter
1584 3411 1605 3484 5
1632 3409 1920 3494 drachmarum,
1949 3425 2007 3495 et,
2026 3408 2135 3508 hujus

743 3561 757 3595 ι
785 3531 947 3610 delectu,
974 3529 1075 3602 radix
1100 3534 1192 3602 sicca
1212 3531 1257 3602 ad
1274 3532 1371 3604 idem
1398 3534 1566 3626 pondus,
1592 3538 1651 3604 cui
1676 3557 1768 3630 aqua
1796 3534 1911 3606 calida
1928 3535 2072 3620 inlusa,
2091 3548 2133 3605 ut

742 3684 755 3717 ι
784 3656 904 3726 alvum
920 3667 1058 3749 purget.
1073 3653 1272 3725 Violentihs
1285 3654 1432 3749 quidem
1449 3655 1520 3724 hoc
1534 3653 1664 3736 efficit,
1679 3669 1713 3726 et
1725 3657 1940 3752 plerumque
1954 3659 2129 3727 vomitum

741 3805 754 3840 ι
781 3781 908 3848 mitem
935 3779 1027 3855 ciet,
1055 3775 1244 3871 nunqudm
1271 3789 1392 3846 autem
1416 3777 1574 3846 tormina
1601 3791 1721 3860 creat,
1748 3791 1783 3847 ct
1806 3777 1975 3850 ellectum
1996 3801 2127 3862 suum,

742 3927 754 3960 ι
782 3921 856 3968 uno
875 3899 975 3992 quasi
994 3899 1155 3990 impetu,
1176 3896 1338 3966 absolvit.
1363 3927 1376 3960 ι
1404 3895 1537 3990 (llurr.
1558 3896 1594 3985 4.
1623 3897 1701 3967 105.
1722 3920 1766 3966 ex
1785 3897 1946 3994 Pallas.)

781 4019 830 4090 Ε.
853 4019 1093 4115 helioscopio,
1113 4016 1223 4087 herba
1242 4040 1465 4111 europaeana.
1480 4059 1526 4070 -
1540 4017 1616 4089 Sub
1631 4020 1778 4088 nomine
1797 4018 1930 4092 Esuloe
1949 4032 1984 4090 et
2000 4017 2128 4093 eadem

733 4143 777 4214 de
796 4149 899 4214 causa
919 4146 957 4210 in
972 4140 1100 4211 Suecial
1112 4140 1257 4236 petitur.
1283 4167 1297 4200 ι
1313 4138 1448 4210 Succos
1463 4141 1539 4234 ejus
1556 4142 1774 4221 corrosivus‚
1793 4141 2002 4214 exulcerans
2021 4145 2131 4214 instar

616 4261 619 4270 ’
741 4295 754 4328 ι
782 4262 1072 4336 cantharidum..
1089 4315 1097 4331 .
1114 4314 1122 4331 .
1144 4260 1271 4330 Editur
1287 4259 1332 4331 ab
1350 4261 1500 4345 ovibus,
1519 4261 1582 4333 sed
1599 4264 1684 4333 facit
1701 4260 1926 4333 diarrhaeam.
1946 4293 1960 4326 ι
1991 4262 2053 4358 (L.
2076 4263 2126 4337 tt.

732 4412 795 4459 sue
820 4439 829 4459 .

781 4413 833 4576 d.
846 4387 978 4599 bracla,
997 4505 1108 4578 herba
1127 4507 1556 4600 europaeana.-ilulier,
1572 4505 1700 4578 radicis
1714 4509 1791 4600 ejus
1804 4511 1923 4602 granis
1942 4510 1988 4581 30
2005 4507 2131 4602 deglu-

732 4630 832 4710 titis,
854 4643 933 4721 post
951 4629 1190 4700 semi-horam
1208 4630 1323 4712 obiit,
1354 4642 1445 4699 teste
1468 4627 1637 4723 Scopuli,
1663 4633 1727 4724 qui
1747 4631 1835 4700 vidit
1860 4633 1996 4714 etiam,
2020 4632 2128 4702 Esuld

732 4747 921 4822 abdomini
939 4751 1188 4844 imprudenter
1205 4751 1401 4846 applicata,
1418 4772 1645 4843 gangraenam
1660 4764 1886 4847 mortemque
1900 4775 1984 4825 mox
2000 4753 2123 4848 sequi,
