<?xml version="1.0" encoding="UTF-8"?>
<!DOCTYPE html PUBLIC "-//W3C//DTD XHTML 1.0 Transitional//EN"
    "http://www.w3.org/TR/xhtml1/DTD/xhtml1-transitional.dtd">
<html xmlns="http://www.w3.org/1999/xhtml" xml:lang="en" lang="en">
 <head>
  <title>
</title>
<meta http-equiv="Content-Type" content="text/html;charset=utf-8" />
  <meta name='ocr-system' content='tesseract 3.04.00' />
  <meta name='ocr-capabilities' content='ocr_page ocr_carea ocr_par ocr_line ocrx_word'/>
</head>
<body>
  <div class='ocr_page' id='page_1' title='image "./deeuphorbiacear00jussgoog_0094.png"; bbox 0 0 4752 6020; ppageno 0'>
   <div class='ocr_carea' id='block_1_1' title="bbox 262 633 1693 2968">
    <p class='ocr_par' dir='ltr' id='par_1_1' title="bbox 262 633 1667 1002">
     <span class='ocr_line' id='line_1_1' title="bbox 899 633 1027 734; baseline -0.023 0"><span class='ocrx_word' id='word_1_1' title='bbox 899 633 1027 734; x_wconf 81' lang='lat'>(⁸9)</span> 
     </span>
     <span class='ocr_line' id='line_1_2' title="bbox 262 779 1667 882; baseline -0.006 -22"><span class='ocrx_word' id='word_1_2' title='bbox 262 789 354 860; x_wconf 90' lang='lat' dir='ltr'><strong>sicut</strong></span> <span class='ocrx_word' id='word_1_3' title='bbox 378 797 413 858; x_wconf 87' lang='lat' dir='ltr'><strong>ct</strong></span> <span class='ocrx_word' id='word_1_4' title='bbox 435 781 700 882; x_wconf 74' lang='lat' dir='ltr'><strong>ophthalmiam</strong></span> <span class='ocrx_word' id='word_1_5' title='bbox 729 785 1027 880; x_wconf 72' lang='lat' dir='ltr'><strong>caritatemque,</strong></span> <span class='ocrx_word' id='word_1_6' title='bbox 1049 780 1135 853; x_wconf 86' lang='lat' dir='ltr'><strong>cirm</strong></span> <span class='ocrx_word' id='word_1_7' title='bbox 1157 781 1234 878; x_wconf 85' lang='lat' dir='ltr'><strong>ejus</strong></span> <span class='ocrx_word' id='word_1_8' title='bbox 1259 781 1349 852; x_wconf 86' lang='lat' dir='ltr'><strong>lacte</strong></span> <span class='ocrx_word' id='word_1_9' title='bbox 1376 781 1546 876; x_wconf 83' lang='lat' dir='ltr'><strong>palpebra</strong></span> <span class='ocrx_word' id='word_1_10' title='bbox 1572 779 1667 854; x_wconf 87' lang='lat' dir='ltr'><strong>oculi</strong></span> 
     </span>
     <span class='ocr_line' id='line_1_3' title="bbox 266 903 939 1002; baseline -0.009 -20"><span class='ocrx_word' id='word_1_11' title='bbox 266 909 378 982; x_wconf 88' lang='lat' dir='ltr'><strong>clausi</strong></span> <span class='ocrx_word' id='word_1_12' title='bbox 396 907 484 978; x_wconf 89' lang='lat' dir='ltr'><strong>illita</strong></span> <span class='ocrx_word' id='word_1_13' title='bbox 503 907 638 977; x_wconf 82' lang='lat' dir='ltr'><strong>luisset.</strong></span> <span class='ocrx_word' id='word_1_14' title='bbox 666 903 767 1002; x_wconf 84' lang='lat' dir='ltr'><strong>(ort.</strong></span> <span class='ocrx_word' id='word_1_15' title='bbox 791 929 823 976; x_wconf 89' lang='lat' dir='ltr'><strong>a.</strong></span> <span class='ocrx_word' id='word_1_16' title='bbox 847 903 939 1000; x_wconf 87' lang='lat'><strong>56.)</strong></span> 
     </span>
    </p>

    <p class='ocr_par' dir='ltr' id='par_1_2' title="bbox 265 1023 1675 1844">
     <span class='ocr_line' id='line_1_4' title="bbox 312 1023 1667 1122; baseline -0.001 -23"><span class='ocrx_word' id='word_1_17' title='bbox 312 1028 360 1100; x_wconf 88' lang='lat' dir='ltr'><strong>E.</strong></span> <span class='ocrx_word' id='word_1_18' title='bbox 384 1053 610 1112; x_wconf 80' lang='lat' dir='ltr'><strong>verrucosa,</strong></span> <span class='ocrx_word' id='word_1_19' title='bbox 633 1027 744 1100; x_wconf 90' lang='lat' dir='ltr'><strong>herba</strong></span> <span class='ocrx_word' id='word_1_20' title='bbox 762 1048 988 1122; x_wconf 69' lang='lat' dir='ltr'><strong>europaeana.</strong></span> <span class='ocrx_word' id='word_1_21' title='bbox 1008 1065 1056 1080; x_wconf 87' lang='lat'>-</span> <span class='ocrx_word' id='word_1_22' title='bbox 1068 1025 1145 1097; x_wconf 73' lang='lat' dir='ltr'><strong>Hic</strong></span> <span class='ocrx_word' id='word_1_23' title='bbox 1162 1037 1198 1096; x_wconf 91' lang='lat' dir='ltr'><strong>et</strong></span> <span class='ocrx_word' id='word_1_24' title='bbox 1214 1023 1343 1096; x_wconf 86' lang='lat' dir='ltr'><strong>Reussi</strong></span> <span class='ocrx_word' id='word_1_25' title='bbox 1361 1037 1396 1095; x_wconf 90' lang='lat' dir='ltr'><strong>et</strong></span> <span class='ocrx_word' id='word_1_26' title='bbox 1413 1029 1537 1098; x_wconf 84' lang='lat' dir='ltr'>rustici</span> <span class='ocrx_word' id='word_1_27' title='bbox 1555 1027 1667 1098; x_wconf 84' lang='lat' dir='ltr'><strong>nostri</strong></span> 
     </span>
     <span class='ocr_line' id='line_1_5' title="bbox 265 1146 1666 1250; baseline -0.004 -24"><span class='ocrx_word' id='word_1_28' title='bbox 265 1153 425 1250; x_wconf 86' lang='lat' dir='ltr'><strong>alpicolae</strong></span> <span class='ocrx_word' id='word_1_29' title='bbox 460 1155 505 1226; x_wconf 87' lang='lat' dir='ltr'><strong>ad</strong></span> <span class='ocrx_word' id='word_1_30' title='bbox 539 1151 733 1226; x_wconf 88' lang='lat' dir='ltr'><strong>catharsim</strong></span> <span class='ocrx_word' id='word_1_31' title='bbox 766 1151 935 1224; x_wconf 83' lang='lat' dir='ltr'><strong>ciendam</strong></span> <span class='ocrx_word' id='word_1_32' title='bbox 969 1162 1133 1222; x_wconf 90' lang='lat' dir='ltr'><strong>utuntur.</strong></span> <span class='ocrx_word' id='word_1_33' title='bbox 1177 1147 1279 1245; x_wconf 86' lang='lat' dir='ltr'><strong>(vill.</strong></span> <span class='ocrx_word' id='word_1_34' title='bbox 1309 1146 1451 1244; x_wconf 92' lang='lat' dir='ltr'><strong>Dauph.</strong></span> <span class='ocrx_word' id='word_1_35' title='bbox 1481 1150 1569 1243; x_wconf 84' lang='lat' dir='ltr'><strong>pref.</strong></span> <span class='ocrx_word' id='word_1_36' title='bbox 1599 1147 1666 1246; x_wconf 90' lang='lat'><strong>6.)</strong></span> 
     </span>
     <span class='ocr_line' id='line_1_6' title="bbox 267 1273 1671 1372; baseline -0.003 -24"><span class='ocrx_word' id='word_1_37' title='bbox 267 1276 516 1350; x_wconf 84' lang='lat' dir='ltr'><strong>Memorantur</strong></span> <span class='ocrx_word' id='word_1_38' title='bbox 542 1273 711 1372; x_wconf 79' lang='lat' dir='ltr'><strong>praetered</strong></span> <span class='ocrx_word' id='word_1_39' title='bbox 738 1297 801 1346; x_wconf 90' lang='lat' dir='ltr'><strong>seu</strong></span> <span class='ocrx_word' id='word_1_40' title='bbox 828 1295 1016 1352; x_wconf 74' lang='lat' dir='ltr'><strong>venenosa</strong></span> <span class='ocrx_word' id='word_1_41' title='bbox 1043 1295 1107 1344; x_wconf 90' lang='lat' dir='ltr'><strong>seu</strong></span> <span class='ocrx_word' id='word_1_42' title='bbox 1136 1273 1355 1367; x_wconf 81' lang='lat' dir='ltr'><strong>purgatrices</strong></span> <span class='ocrx_word' id='word_1_43' title='bbox 1386 1273 1548 1367; x_wconf 87' lang='lat' dir='ltr'><strong>species,</strong></span> <span class='ocrx_word' id='word_1_44' title='bbox 1576 1275 1671 1344; x_wconf 89' lang='lat' dir='ltr'><strong>inter</strong></span> 
     </span>
     <span class='ocr_line' id='line_1_7' title="bbox 269 1389 1674 1496; baseline -0.004 -26"><span class='ocrx_word' id='word_1_45' title='bbox 269 1399 456 1494; x_wconf 85' lang='lat' dir='ltr'><strong>indigenas</strong></span> <span class='ocrx_word' id='word_1_46' title='bbox 476 1403 520 1469; x_wconf 86' lang='lat' dir='ltr'><strong>E.</strong></span> <span class='ocrx_word' id='word_1_47' title='bbox 535 1395 807 1496; x_wconf 75' lang='lat' dir='ltr'><strong>platyphyllos,</strong></span> <span class='ocrx_word' id='word_1_48' title='bbox 823 1393 871 1464; x_wconf 86' lang='lat' dir='ltr'><strong>E.</strong></span> <span class='ocrx_word' id='word_1_49' title='bbox 894 1393 1082 1464; x_wconf 80' lang='lat' dir='ltr'><strong>characias</strong></span> <span class='ocrx_word' id='word_1_50' title='bbox 1096 1445 1111 1486; x_wconf 83' lang='lat'><strong>,</strong></span> <span class='ocrx_word' id='word_1_51' title='bbox 1128 1391 1176 1462; x_wconf 88' lang='lat' dir='ltr'><strong>E.</strong></span> <span class='ocrx_word' id='word_1_52' title='bbox 1199 1389 1471 1490; x_wconf 78' lang='lat' dir='ltr'><strong>amygdaloides</strong></span> <span class='ocrx_word' id='word_1_53' title='bbox 1485 1446 1499 1486; x_wconf 91' lang='lat'><em>‚</em></span> <span class='ocrx_word' id='word_1_54' title='bbox 1517 1391 1566 1464; x_wconf 91' lang='lat' dir='ltr'><strong>E.</strong></span> <span class='ocrx_word' id='word_1_55' title='bbox 1589 1397 1674 1465; x_wconf 78' lang='lat' dir='ltr'><strong>eati-</strong></span> 
     </span>
     <span class='ocr_line' id='line_1_8' title="bbox 267 1517 1675 1624; baseline -0.004 -28"><span class='ocrx_word' id='word_1_56' title='bbox 267 1549 344 1624; x_wconf 80' lang='lat' dir='ltr'><strong>gua</strong></span> <span class='ocrx_word' id='word_1_57' title='bbox 357 1553 375 1610; x_wconf 89' lang='lat'><strong>‚·</strong></span> <span class='ocrx_word' id='word_1_58' title='bbox 392 1529 485 1596; x_wconf 88' lang='lat' dir='ltr'><strong>inter</strong></span> <span class='ocrx_word' id='word_1_59' title='bbox 502 1527 680 1607; x_wconf 87' lang='lat' dir='ltr'><strong>exoticas,</strong></span> <span class='ocrx_word' id='word_1_60' title='bbox 699 1521 748 1592; x_wconf 91' lang='lat' dir='ltr'><strong>E.</strong></span> <span class='ocrx_word' id='word_1_61' title='bbox 771 1522 1039 1606; x_wconf 85' lang='lat' dir='ltr'><strong>mauritanica‚</strong></span> <span class='ocrx_word' id='word_1_62' title='bbox 1064 1517 1112 1590; x_wconf 89' lang='grc' dir='ltr'><strong>Ε.</strong></span> <span class='ocrx_word' id='word_1_63' title='bbox 1132 1517 1433 1616; x_wconf 83' lang='lat' dir='ltr'><strong>portulacoi&#39;des,</strong></span> <span class='ocrx_word' id='word_1_64' title='bbox 1453 1517 1500 1590; x_wconf 87' lang='lat' dir='ltr'><strong>E.</strong></span> <span class='ocrx_word' id='word_1_65' title='bbox 1522 1536 1644 1594; x_wconf 81' lang='lat' dir='ltr'><strong>retusa</strong></span> <span class='ocrx_word' id='word_1_66' title='bbox 1653 1550 1675 1610; x_wconf 84' lang='lat'><strong>,-</strong></span> 
     </span>
     <span class='ocr_line' id='line_1_9' title="bbox 274 1639 1675 1740; baseline 0 -22"><span class='ocrx_word' id='word_1_67' title='bbox 274 1661 309 1718; x_wconf 89' lang='lat' dir='ltr'><strong>et</strong></span> <span class='ocrx_word' id='word_1_68' title='bbox 333 1645 382 1721; x_wconf 87' lang='lat' dir='ltr'><strong>E.</strong></span> <span class='ocrx_word' id='word_1_69' title='bbox 410 1669 607 1718; x_wconf 79' lang='lat' dir='ltr'><strong>canescens</strong></span> <span class='ocrx_word' id='word_1_70' title='bbox 632 1643 678 1716; x_wconf 94' lang='lat' dir='ltr'><strong>ab</strong></span> <span class='ocrx_word' id='word_1_71' title='bbox 704 1643 872 1740; x_wconf 83' lang='lat' dir='ltr'><strong>Hispanis</strong></span> <span class='ocrx_word' id='word_1_72' title='bbox 896 1642 1017 1714; x_wconf 82' lang='lat' dir='ltr'><strong>inlusa</strong></span> <span class='ocrx_word' id='word_1_73' title='bbox 1044 1643 1083 1713; x_wconf 93' lang='lat' dir='ltr'><strong>iu</strong></span> <span class='ocrx_word' id='word_1_74' title='bbox 1115 1647 1208 1739; x_wconf 75' lang='lat' dir='ltr'><strong>aqua</strong></span> <span class='ocrx_word' id='word_1_75' title='bbox 1235 1639 1402 1714; x_wconf 82' lang='lat' dir='ltr'><strong>adversita</strong></span> <span class='ocrx_word' id='word_1_76' title='bbox 1428 1640 1675 1740; x_wconf 86' lang='lat' dir='ltr'><strong>syphilitidcm</strong></span> 
     </span>
     <span class='ocr_line' id='line_1_10' title="bbox 272 1770 474 1844; baseline -0.015 0"><span class='ocrx_word' id='word_1_77' title='bbox 272 1770 474 1844; x_wconf 79' lang='lat' dir='ltr'><strong>adhibetur.</strong></span> 
     </span>
    </p>

    <p class='ocr_par' dir='ltr' id='par_1_3' title="bbox 273 1889 1687 2710">
     <span class='ocr_line' id='line_1_11' title="bbox 323 1889 1679 1990; baseline -0.005 -20"><span class='ocrx_word' id='word_1_78' title='bbox 323 1895 454 1970; x_wconf 84' lang='lat' dir='ltr'><strong>llerhm</strong></span> <span class='ocrx_word' id='word_1_79' title='bbox 482 1893 572 1966; x_wconf 84' lang='lat' dir='ltr'><strong>adeh</strong></span> <span class='ocrx_word' id='word_1_80' title='bbox 596 1905 766 1966; x_wconf 82' lang='lat' dir='ltr'><strong>constans</strong></span> <span class='ocrx_word' id='word_1_81' title='bbox 791 1905 845 1964; x_wconf 92' lang='lat' dir='ltr'><strong>est</strong></span> <span class='ocrx_word' id='word_1_82' title='bbox 874 1905 909 1962; x_wconf 91' lang='lat' dir='ltr'><strong>et</strong></span> <span class='ocrx_word' id='word_1_83' title='bbox 939 1889 1143 1962; x_wconf 89' lang='lat' dir='ltr'><strong>indubitata</strong></span> <span class='ocrx_word' id='word_1_84' title='bbox 1169 1891 1371 1984; x_wconf 82' lang='lat' dir='ltr'><strong>specierum</strong></span> <span class='ocrx_word' id='word_1_85' title='bbox 1400 1894 1538 1984; x_wconf 81' lang='lat' dir='ltr'><strong>generis</strong></span> <span class='ocrx_word' id='word_1_86' title='bbox 1568 1891 1679 1990; x_wconf 89' lang='lat' dir='ltr'><strong>hujus</strong></span> 
     </span>
     <span class='ocr_line' id='line_1_12' title="bbox 273 2011 1681 2112; baseline -0.001 -22"><span class='ocrx_word' id='word_1_87' title='bbox 273 2020 324 2090; x_wconf 77' lang='lat' dir='ltr'><strong>ris</strong></span> <span class='ocrx_word' id='word_1_88' title='bbox 343 2069 352 2102; x_wconf 85' lang='lat'><strong>,</strong></span> <span class='ocrx_word' id='word_1_89' title='bbox 376 2031 416 2088; x_wconf 92' lang='lat' dir='ltr'><strong>ut</strong></span> <span class='ocrx_word' id='word_1_90' title='bbox 443 2029 592 2088; x_wconf 90' lang='lat' dir='ltr'><strong>cunctas</strong></span> <span class='ocrx_word' id='word_1_91' title='bbox 620 2039 699 2111; x_wconf 74' lang='lat' dir='ltr'><strong>quae</strong></span> <span class='ocrx_word' id='word_1_92' title='bbox 726 2013 839 2086; x_wconf 82' lang='lat' dir='ltr'><strong>valere</strong></span> <span class='ocrx_word' id='word_1_93' title='bbox 862 2019 903 2084; x_wconf 82' lang='lat' dir='ltr'><strong>ea</strong></span> <span class='ocrx_word' id='word_1_94' title='bbox 922 2011 1094 2085; x_wconf 91' lang='lat' dir='ltr'><strong>dicuntur</strong></span> <span class='ocrx_word' id='word_1_95' title='bbox 1111 2013 1240 2084; x_wconf 82' lang='lat' dir='ltr'><strong>reterre</strong></span> <span class='ocrx_word' id='word_1_96' title='bbox 1259 2013 1321 2083; x_wconf 90' lang='lat' dir='ltr'><strong>liat</strong></span> <span class='ocrx_word' id='word_1_97' title='bbox 1340 2015 1491 2086; x_wconf 87' lang='lat' dir='ltr'><strong>omnind</strong></span> <span class='ocrx_word' id='word_1_98' title='bbox 1510 2017 1681 2112; x_wconf 82' lang='lat' dir='ltr'><strong>sup&#39;erra·</strong></span> 
     </span>
     <span class='ocr_line' id='line_1_13' title="bbox 277 2134 1676 2234; baseline -0.001 -20"><span class='ocrx_word' id='word_1_99' title='bbox 277 2164 456 2222; x_wconf 89' lang='lat' dir='ltr'><strong>caneum,</strong></span> <span class='ocrx_word' id='word_1_100' title='bbox 483 2141 666 2234; x_wconf 89' lang='lat' dir='ltr'><strong>quoniam·</strong></span> <span class='ocrx_word' id='word_1_101' title='bbox 684 2140 734 2208; x_wconf 90' lang='lat' dir='ltr'><strong>sic</strong></span> <span class='ocrx_word' id='word_1_102' title='bbox 765 2159 920 2222; x_wconf 86' lang='lat' dir='ltr'><strong>omnes,</strong></span> <span class='ocrx_word' id='word_1_103' title='bbox 949 2149 989 2206; x_wconf 94' lang='lat' dir='ltr'><strong>ut</strong></span> <span class='ocrx_word' id='word_1_104' title='bbox 1020 2134 1239 2219; x_wconf 75' lang='lat' dir='ltr'><strong>italicam,</strong></span> <span class='ocrx_word' id='word_1_105' title='bbox 1268 2137 1386 2208; x_wconf 82' lang='lat' dir='ltr'><strong>tarent</strong></span> <span class='ocrx_word' id='word_1_106' title='bbox 1408 2139 1676 2212; x_wconf 79' lang='lat' dir='ltr'><strong>enumerandas.</strong></span> 
     </span>
     <span class='ocr_line' id='line_1_14' title="bbox 280 2255 1682 2355; baseline -0.001 -20"><span class='ocrx_word' id='word_1_107' title='bbox 280 2260 473 2336; x_wconf 74' lang='lat' dir='ltr'><strong>Nonnulla</strong></span> <span class='ocrx_word' id='word_1_108' title='bbox 483 2259 630 2355; x_wconf 89' lang='lat' dir='ltr'><strong>quidem</strong></span> <span class='ocrx_word' id='word_1_109' title='bbox 648 2271 733 2330; x_wconf 89' lang='lat' dir='ltr'><strong>sunt</strong></span> <span class='ocrx_word' id='word_1_110' title='bbox 749 2281 828 2354; x_wconf 88' lang='lat' dir='ltr'><strong>quae</strong></span> <span class='ocrx_word' id='word_1_111' title='bbox 843 2259 1001 2328; x_wconf 76' lang='lat' dir='ltr'><strong>innoxiae</strong></span> <span class='ocrx_word' id='word_1_112' title='bbox 1018 2255 1289 2340; x_wconf 74' lang='lat' dir='ltr'><strong>rideantunsed</strong></span> <span class='ocrx_word' id='word_1_113' title='bbox 1307 2263 1505 2354; x_wconf 80' lang='lat' dir='ltr'><strong>temperata</strong></span> <span class='ocrx_word' id='word_1_114' title='bbox 1522 2261 1682 2346; x_wconf 81' lang='lat' dir='ltr'><strong>tantirm,</strong></span> 
     </span>
     <span class='ocr_line' id='line_1_15' title="bbox 281 2377 1683 2482; baseline 0.001 -26"><span class='ocrx_word' id='word_1_115' title='bbox 281 2407 355 2456; x_wconf 91' lang='lat' dir='ltr'><strong>non</strong></span> <span class='ocrx_word' id='word_1_116' title='bbox 370 2383 476 2482; x_wconf 78' lang='lat' dir='ltr'><strong>plane</strong></span> <span class='ocrx_word' id='word_1_117' title='bbox 491 2382 631 2454; x_wconf 81' lang='lat' dir='ltr'><strong>sublata</strong></span> <span class='ocrx_word' id='word_1_118' title='bbox 643 2380 843 2454; x_wconf 87' lang='lat' dir='ltr'><strong>acritudine</strong></span> <span class='ocrx_word' id='word_1_119' title='bbox 856 2429 866 2463; x_wconf 91' lang='lat'><strong>,</strong></span> <span class='ocrx_word' id='word_1_120' title='bbox 880 2393 939 2463; x_wconf 91' lang='lat' dir='ltr'><strong>ut,</strong></span> <span class='ocrx_word' id='word_1_121' title='bbox 955 2381 1110 2476; x_wconf 85' lang='lat' dir='ltr'><strong>exempli</strong></span> <span class='ocrx_word' id='word_1_122' title='bbox 1124 2383 1255 2474; x_wconf 79' lang='lat' dir='ltr'><strong>gratid,</strong></span> <span class='ocrx_word' id='word_1_123' title='bbox 1275 2377 1324 2452; x_wconf 88' lang='lat' dir='ltr'><strong>E.</strong></span> <span class='ocrx_word' id='word_1_124' title='bbox 1338 2379 1481 2454; x_wconf 75' lang='lat' dir='ltr'><strong>dalcae</strong></span> <span class='ocrx_word' id='word_1_125' title='bbox 1498 2407 1580 2478; x_wconf 87' lang='lat' dir='ltr'><strong>quae</strong></span> <span class='ocrx_word' id='word_1_126' title='bbox 1594 2387 1683 2479; x_wconf 89' lang='lat' dir='ltr'><strong>quin</strong></span> 
     </span>
     <span class='ocr_line' id='line_1_16' title="bbox 283 2499 1687 2602; baseline 0.001 -26"><span class='ocrx_word' id='word_1_127' title='bbox 283 2527 421 2578; x_wconf 88' lang='lat' dir='ltr'><strong>nomeu</strong></span> <span class='ocrx_word' id='word_1_128' title='bbox 440 2515 620 2575; x_wconf 89' lang='lat' dir='ltr'><strong>mereatur</strong></span> <span class='ocrx_word' id='word_1_129' title='bbox 636 2499 933 2585; x_wconf 81' lang='lat' dir='ltr'><strong>multhmabest,</strong></span> <span class='ocrx_word' id='word_1_130' title='bbox 953 2503 1089 2572; x_wconf 82' lang='lat' dir='ltr'><strong>caeteris</strong></span> <span class='ocrx_word' id='word_1_131' title='bbox 1104 2513 1227 2574; x_wconf 89' lang='lat' dir='ltr'><strong>tamen</strong></span> <span class='ocrx_word' id='word_1_132' title='bbox 1244 2501 1355 2598; x_wconf 86' lang='lat' dir='ltr'><strong>pauld</strong></span> <span class='ocrx_word' id='word_1_133' title='bbox 1369 2505 1512 2586; x_wconf 88' lang='lat' dir='ltr'><strong>mitior,</strong></span> <span class='ocrx_word' id='word_1_134' title='bbox 1531 2503 1687 2602; x_wconf 85' lang='lat' dir='ltr'><strong>idedque</strong></span> 
     </span>
     <span class='ocr_line' id='line_1_17' title="bbox 282 2603 1120 2710; baseline -0.005 -11"><span class='ocrx_word' id='word_1_135' title='bbox 282 2627 395 2700; x_wconf 84' lang='lat' dir='ltr'><strong>tutilrs</strong></span> <span class='ocrx_word' id='word_1_136' title='bbox 414 2625 618 2698; x_wconf 87' lang='lat' dir='ltr'><strong>adhibenda</strong></span> <span class='ocrx_word' id='word_1_137' title='bbox 636 2679 646 2710; x_wconf 95' lang='lat'><strong>,</strong></span> <span class='ocrx_word' id='word_1_138' title='bbox 666 2605 850 2698; x_wconf 86' lang='lat' dir='ltr'><strong>indicante</strong></span> <span class='ocrx_word' id='word_1_139' title='bbox 869 2625 1032 2698; x_wconf 88' lang='lat' dir='ltr'><strong>Gilihert.</strong></span> <span class='ocrx_word' id='word_1_140' title='bbox 1079 2631 1087 2640; x_wconf 89' lang='lat'>&#39;</span> <span class='ocrx_word' id='word_1_141' title='bbox 1117 2603 1120 2610; x_wconf 39' lang='lat'>¹</span> 
     </span>
    </p>

    <p class='ocr_par' dir='ltr' id='par_1_4' title="bbox 287 2746 1693 2968">
     <span class='ocr_line' id='line_1_18' title="bbox 334 2746 1688 2850; baseline 0.006 -30"><span class='ocrx_word' id='word_1_142' title='bbox 334 2749 460 2820; x_wconf 86' lang='lat' dir='ltr'><strong>Narrat</strong></span> <span class='ocrx_word' id='word_1_143' title='bbox 483 2749 653 2820; x_wconf 88' lang='lat' dir='ltr'><strong>Lourciro</strong></span> <span class='ocrx_word' id='word_1_144' title='bbox 681 2751 764 2820; x_wconf 86' lang='lat' dir='ltr'><strong>tolia</strong></span> <span class='ocrx_word' id='word_1_145' title='bbox 789 2749 980 2844; x_wconf 88' lang='lat' dir='ltr'><strong>cujusdam</strong></span> <span class='ocrx_word' id='word_1_146' title='bbox 1014 2746 1248 2845; x_wconf 79' lang='lat' dir='ltr'><strong>Euphorbiae,</strong></span> <span class='ocrx_word' id='word_1_147' title='bbox 1273 2763 1385 2845; x_wconf 83' lang='lat' dir='ltr'><strong>quam&#39;</strong></span> <span class='ocrx_word' id='word_1_148' title='bbox 1410 2751 1492 2824; x_wconf 84' lang='lat' dir='ltr'><strong>ideo</strong></span> <span class='ocrx_word' id='word_1_149' title='bbox 1520 2756 1688 2850; x_wconf 84' lang='lat' dir='ltr'><strong>specifico</strong></span> 
     </span>
     <span class='ocr_line' id='line_1_19' title="bbox 287 2870 1693 2968; baseline 0.005 -22"><span class='ocrx_word' id='word_1_150' title='bbox 287 2876 435 2946; x_wconf 90' lang='lat' dir='ltr'><strong>nomine</strong></span> <span class='ocrx_word' id='word_1_151' title='bbox 461 2870 581 2942; x_wconf 84' lang='lat' dir='ltr'><strong>edalis</strong></span> <span class='ocrx_word' id='word_1_152' title='bbox 606 2870 818 2966; x_wconf 83' lang='lat' dir='ltr'><strong>distinguit,</strong></span> <span class='ocrx_word' id='word_1_153' title='bbox 842 2895 906 2966; x_wconf 89' lang='lat' dir='ltr'><strong>pro</strong></span> <span class='ocrx_word' id='word_1_154' title='bbox 925 2871 1082 2944; x_wconf 91' lang='lat' dir='ltr'><strong>oleribus</strong></span> <span class='ocrx_word' id='word_1_155' title='bbox 1100 2871 1197 2968; x_wconf 89' lang='lat' dir='ltr'><strong>apud</strong></span> <span class='ocrx_word' id='word_1_156' title='bbox 1216 2871 1550 2949; x_wconf 83' lang='lat' dir='ltr'><strong>Cachinchinenses</strong></span> <span class='ocrx_word' id='word_1_157' title='bbox 1569 2881 1607 2952; x_wconf 94' lang='lat' dir='ltr'><strong>in</strong></span> <span class='ocrx_word' id='word_1_158' title='bbox 1623 2903 1693 2952; x_wconf 87' lang='lat' dir='ltr'><strong>usu</strong></span> 
     </span>
    </p>
   </div>
   <div class='ocr_carea' id='block_1_2' title="bbox 289 2994 1697 3340">
    <p class='ocr_par' dir='ltr' id='par_1_5' title="bbox 289 2994 1697 3340">
     <span class='ocr_line' id='line_1_20' title="bbox 289 2994 1695 3094; baseline 0.003 -23"><span class='ocrx_word' id='word_1_159' title='bbox 289 2995 482 3086; x_wconf 87' lang='lat' dir='ltr'><strong>esse.Quid</strong></span> <span class='ocrx_word' id='word_1_160' title='bbox 497 3007 619 3068; x_wconf 88' lang='lat' dir='ltr'><strong>autem</strong></span> <span class='ocrx_word' id='word_1_161' title='bbox 630 2997 779 3078; x_wconf 92' lang='lat' dir='ltr'><strong>mirum,</strong></span> <span class='ocrx_word' id='word_1_162' title='bbox 793 2994 879 3066; x_wconf 86' lang='lat' dir='ltr'><strong>chrn</strong></span> <span class='ocrx_word' id='word_1_163' title='bbox 896 2997 1076 3092; x_wconf 73' lang='lat' dir='ltr'><strong>praecipua</strong></span> <span class='ocrx_word' id='word_1_164' title='bbox 1089 2997 1138 3068; x_wconf 86' lang='lat' dir='ltr'><strong>vis</strong></span> <span class='ocrx_word' id='word_1_165' title='bbox 1155 2998 1194 3066; x_wconf 91' lang='lat' dir='ltr'><strong>in</strong></span> <span class='ocrx_word' id='word_1_166' title='bbox 1206 2997 1384 3094; x_wconf 92' lang='lat' dir='ltr'><strong>principio</strong></span> <span class='ocrx_word' id='word_1_167' title='bbox 1393 2997 1527 3070; x_wconf 86' lang='lat' dir='ltr'><strong>volatili</strong></span> <span class='ocrx_word' id='word_1_168' title='bbox 1542 3005 1695 3076; x_wconf 86' lang='lat' dir='ltr'><strong>existere</strong></span> 
     </span>
     <span class='ocr_line' id='line_1_21' title="bbox 290 3113 1697 3211; baseline 0.002 -19"><span class='ocrx_word' id='word_1_169' title='bbox 290 3119 463 3202; x_wconf 85' lang='lat' dir='ltr'><strong>rideatur,</strong></span> <span class='ocrx_word' id='word_1_170' title='bbox 482 3129 615 3188; x_wconf 85' lang='lat' dir='ltr'><strong>etcum</strong></span> <span class='ocrx_word' id='word_1_171' title='bbox 633 3138 675 3186; x_wconf 91' lang='lat' dir='ltr'><strong>eo</strong></span> <span class='ocrx_word' id='word_1_172' title='bbox 693 3114 856 3211; x_wconf 83' lang='lat' dir='ltr'><strong>dissipari</strong></span> <span class='ocrx_word' id='word_1_173' title='bbox 876 3117 1050 3188; x_wconf 91' lang='lat' dir='ltr'><strong>coctionis</strong></span> <span class='ocrx_word' id='word_1_174' title='bbox 1069 3116 1185 3187; x_wconf 89' lang='lat' dir='ltr'><strong>calore</strong></span> <span class='ocrx_word' id='word_1_175' title='bbox 1211 3113 1364 3188; x_wconf 72' lang='lat' dir='ltr'><strong>debeat?</strong></span> <span class='ocrx_word' id='word_1_176' title='bbox 1377 3113 1484 3202; x_wconf 91' lang='lat' dir='ltr'><strong>Quod</strong></span> <span class='ocrx_word' id='word_1_177' title='bbox 1501 3120 1697 3194; x_wconf 88' lang='lat' dir='ltr'><strong>confirmat</strong></span> 
     </span>
     <span class='ocr_line' id='line_1_22' title="bbox 291 3217 1697 3340; baseline 0 -22"><span class='ocrx_word' id='word_1_178' title='bbox 291 3247 535 3340; x_wconf 82' lang='lat' dir='ltr'><strong>AEgyptiorum</strong></span> <span class='ocrx_word' id='word_1_179' title='bbox 554 3265 639 3312; x_wconf 90' lang='lat' dir='ltr'><strong>usus</strong></span> <span class='ocrx_word' id='word_1_180' title='bbox 657 3253 878 3314; x_wconf 85' lang='lat' dir='ltr'><strong>memoratus</strong></span> <span class='ocrx_word' id='word_1_181' title='bbox 897 3241 916 3312; x_wconf 77' lang='lat' dir='ltr'><strong>d</strong></span> <span class='ocrx_word' id='word_1_182' title='bbox 937 3217 1095 3323; x_wconf 85' lang='lat' dir='ltr'><strong>Forslal,</strong></span> <span class='ocrx_word' id='word_1_183' title='bbox 1114 3264 1186 3337; x_wconf 91' lang='lat' dir='ltr'><strong>quo</strong></span> <span class='ocrx_word' id='word_1_184' title='bbox 1204 3253 1320 3326; x_wconf 91' lang='lat' dir='ltr'><strong>teste,</strong></span> <span class='ocrx_word' id='word_1_185' title='bbox 1340 3241 1461 3312; x_wconf 91' lang='lat' dir='ltr'><strong>caules</strong></span> <span class='ocrx_word' id='word_1_186' title='bbox 1479 3243 1697 3339; x_wconf 79' lang='lat' dir='ltr'><strong>Euphorhiae</strong></span> 
     </span>
    </p>
   </div>
   <div class='ocr_carea' id='block_1_3' title="bbox 249 3363 1698 3586">
    <p class='ocr_par' dir='ltr' id='par_1_6' title="bbox 249 3363 1698 3586">
     <span class='ocr_line' id='line_1_23' title="bbox 249 3363 1698 3461; baseline 0.003 -22"><span class='ocrx_word' id='word_1_187' title='bbox 249 3413 250 3418; x_wconf 58' lang='lat'><em>=</em></span> <span class='ocrx_word' id='word_1_188' title='bbox 295 3369 530 3461; x_wconf 89' lang='lat' dir='ltr'><strong>antiquorum</strong></span> <span class='ocrx_word' id='word_1_189' title='bbox 556 3387 664 3434; x_wconf 89' lang='lat' dir='ltr'><strong>succo</strong></span> <span class='ocrx_word' id='word_1_190' title='bbox 690 3363 766 3432; x_wconf 77' lang='lat' dir='ltr'><strong>tam</strong></span> <span class='ocrx_word' id='word_1_191' title='bbox 792 3363 928 3434; x_wconf 87' lang='lat' dir='ltr'><strong>exitiali</strong></span> <span class='ocrx_word' id='word_1_192' title='bbox 950 3377 1155 3450; x_wconf 89' lang='lat' dir='ltr'><strong>scatentes,</strong></span> <span class='ocrx_word' id='word_1_193' title='bbox 1176 3365 1214 3434; x_wconf 89' lang='lat' dir='ltr'><strong>in</strong></span> <span class='ocrx_word' id='word_1_194' title='bbox 1240 3368 1331 3436; x_wconf 76' lang='lat' dir='ltr'><strong>terra</strong></span> <span class='ocrx_word' id='word_1_195' title='bbox 1357 3373 1483 3436; x_wconf 89' lang='lat' dir='ltr'><strong>tamen</strong></span> <span class='ocrx_word' id='word_1_196' title='bbox 1503 3380 1698 3443; x_wconf 50' lang='lat' dir='ltr'><strong>,concoctas</strong></span> 
     </span>
     <span class='ocr_line' id='line_1_24' title="bbox 293 3483 873 3586; baseline -0.016 -24"><span class='ocrx_word' id='word_1_197' title='bbox 293 3487 473 3586; x_wconf 90' lang='lat' dir='ltr'><strong>pabulum</strong></span> <span class='ocrx_word' id='word_1_198' title='bbox 501 3487 603 3583; x_wconf 89' lang='lat' dir='ltr'><strong>equis</strong></span> <span class='ocrx_word' id='word_1_199' title='bbox 628 3483 873 3580; x_wconf 82' lang='lat' dir='ltr'><strong>suppeditant.</strong></span> 
     </span>
    </p>
   </div>
   <div class='ocr_carea' id='block_1_4' title="bbox 889 3699 1118 3756">
    <p class='ocr_par' dir='ltr' id='par_1_7' title="bbox 889 3699 1118 3756">
     <span class='ocr_line' id='line_1_25' title="bbox 889 3699 1118 3756; baseline -0.004 -3"><span class='ocrx_word' id='word_1_200' title='bbox 889 3699 1100 3756; x_wconf 72' lang='lat' dir='ltr'><strong>EXCAECAMA·</strong></span> <span class='ocrx_word' id='word_1_201' title='bbox 1115 3709 1118 3716; x_wconf 86' lang='grc'><strong>“</strong></span> 
     </span>
    </p>
   </div>
   <div class='ocr_carea' id='block_1_5' title="bbox 241 3858 1787 4814">
    <p class='ocr_par' dir='ltr' id='par_1_8' title="bbox 241 3858 1787 4814">
     <span class='ocr_line' id='line_1_26' title="bbox 350 3858 1710 3962; baseline 0.001 -26"><span class='ocrx_word' id='word_1_202' title='bbox 350 3863 399 3938; x_wconf 90' lang='grc' dir='ltr'><strong>Ε.</strong></span> <span class='ocrx_word' id='word_1_203' title='bbox 426 3858 652 3962; x_wconf 78' lang='lat' dir='ltr'><strong>agallocha,</strong></span> <span class='ocrx_word' id='word_1_204' title='bbox 678 3861 783 3936; x_wconf 90' lang='lat' dir='ltr'><strong>arbor</strong></span> <span class='ocrx_word' id='word_1_205' title='bbox 807 3885 850 3934; x_wconf 89' lang='lat' dir='ltr'><strong>ex</strong></span> <span class='ocrx_word' id='word_1_206' title='bbox 871 3861 999 3934; x_wconf 91' lang='lat' dir='ltr'><strong>indicis</strong></span> <span class='ocrx_word' id='word_1_207' title='bbox 1017 3859 1156 3932; x_wconf 91' lang='lat' dir='ltr'><strong>insulis.</strong></span> <span class='ocrx_word' id='word_1_208' title='bbox 1180 3859 1284 3930; x_wconf 90' lang='lat' dir='ltr'><strong>-Si</strong></span> <span class='ocrx_word' id='word_1_209' title='bbox 1304 3861 1440 3934; x_wconf 82' lang='lat' dir='ltr'><strong>fructus</strong></span> <span class='ocrx_word' id='word_1_210' title='bbox 1468 3887 1528 3936; x_wconf 90' lang='lat' dir='ltr'><strong>ore</strong></span> <span class='ocrx_word' id='word_1_211' title='bbox 1552 3867 1710 3938; x_wconf 89' lang='lat' dir='ltr'><strong>mandu-</strong></span> 
     </span>
     <span class='ocr_line' id='line_1_27' title="bbox 305 3981 1709 4082; baseline 0.001 -21"><span class='ocrx_word' id='word_1_212' title='bbox 305 4001 456 4073; x_wconf 90' lang='lat' dir='ltr'><strong>centur,</strong></span> <span class='ocrx_word' id='word_1_213' title='bbox 483 3985 602 4082; x_wconf 85' lang='lat' dir='ltr'><strong>primd</strong></span> <span class='ocrx_word' id='word_1_214' title='bbox 629 3984 772 4058; x_wconf 91' lang='lat' dir='ltr'><strong>nullum</strong></span> <span class='ocrx_word' id='word_1_215' title='bbox 799 3983 998 4056; x_wconf 88' lang='lat' dir='ltr'><strong>notabilem</strong></span> <span class='ocrx_word' id='word_1_216' title='bbox 1032 3981 1205 4056; x_wconf 83' lang='lat' dir='ltr'><strong>exhibent</strong></span> <span class='ocrx_word' id='word_1_217' title='bbox 1238 4007 1434 4080; x_wconf 88' lang='lat' dir='ltr'><strong>saporem,</strong></span> <span class='ocrx_word' id='word_1_218' title='bbox 1467 3985 1530 4056; x_wconf 89' lang='lat' dir='ltr'><strong>sed</strong></span> <span class='ocrx_word' id='word_1_219' title='bbox 1556 3986 1709 4062; x_wconf 86' lang='lat' dir='ltr'><strong>demhm</strong></span> 
     </span>
     <span class='ocr_line' id='line_1_28' title="bbox 302 4105 1787 4209; baseline 0.001 -27"><span class='ocrx_word' id='word_1_220' title='bbox 302 4111 432 4209; x_wconf 80' lang='lat' dir='ltr'><strong>pariun</strong></span> <span class='ocrx_word' id='word_1_221' title='bbox 457 4120 625 4180; x_wconf 85' lang='lat' dir='ltr'><strong>exurunt.</strong></span> <span class='ocrx_word' id='word_1_222' title='bbox 642 4161 649 4178; x_wconf 93' lang='lat'><strong>.</strong></span> <span class='ocrx_word' id='word_1_223' title='bbox 665 4159 698 4179; x_wconf 92' lang='lat'><strong>..</strong></span> <span class='ocrx_word' id='word_1_224' title='bbox 734 4105 770 4178; x_wconf 89' lang='lat' dir='ltr'><strong>Si</strong></span> <span class='ocrx_word' id='word_1_225' title='bbox 793 4108 975 4178; x_wconf 86' lang='lat' dir='ltr'><strong>incidatur</strong></span> <span class='ocrx_word' id='word_1_226' title='bbox 994 4108 1124 4191; x_wconf 85' lang='lat' dir='ltr'><strong>ashur,</strong></span> <span class='ocrx_word' id='word_1_227' title='bbox 1148 4137 1161 4172; x_wconf 80' lang='grc' dir='ltr'>ι</span> <span class='ocrx_word' id='word_1_228' title='bbox 1187 4110 1375 4204; x_wconf 87' lang='lat' dir='ltr'><strong>copiosum</strong></span> <span class='ocrx_word' id='word_1_229' title='bbox 1396 4107 1517 4180; x_wconf 78' lang='lat' dir='ltr'><strong>fundit</strong></span> <span class='ocrx_word' id='word_1_230' title='bbox 1542 4109 1596 4182; x_wconf 87' lang='lat' dir='ltr'><strong>lac</strong></span> <span class='ocrx_word' id='word_1_231' title='bbox 1624 4111 1713 4183; x_wconf 90' lang='lat' dir='ltr'><strong>albi·</strong></span> <span class='ocrx_word' id='word_1_232' title='bbox 1785 4147 1787 4152; x_wconf 33' lang='lat' dir='ltr'>v</span> 
     </span>
     <span class='ocr_line' id='line_1_29' title="bbox 312 4230 1713 4328; baseline 0.005 -30"><span class='ocrx_word' id='word_1_233' title='bbox 312 4263 325 4298; x_wconf 75' lang='lat' dir='ltr'><strong>r</strong></span> <span class='ocrx_word' id='word_1_234' title='bbox 354 4255 462 4312; x_wconf 89' lang='lat' dir='ltr'><strong>cans,</strong></span> <span class='ocrx_word' id='word_1_235' title='bbox 479 4231 634 4325; x_wconf 88' lang='lat' dir='ltr'><strong>spissum</strong></span> <span class='ocrx_word' id='word_1_236' title='bbox 652 4279 661 4312; x_wconf 91' lang='lat'>‚</span> <span class='ocrx_word' id='word_1_237' title='bbox 688 4231 869 4323; x_wconf 82' lang='lat' dir='ltr'><strong>ingratum</strong></span> <span class='ocrx_word' id='word_1_238' title='bbox 890 4252 930 4302; x_wconf 88' lang='lat' dir='ltr'><strong>ac</strong></span> <span class='ocrx_word' id='word_1_239' title='bbox 950 4239 1255 4304; x_wconf 75' lang='lat' dir='ltr'><strong>muccosum...</strong></span> <span class='ocrx_word' id='word_1_240' title='bbox 1286 4230 1399 4302; x_wconf 87' lang='lat' dir='ltr'><strong>Nocet</strong></span> <span class='ocrx_word' id='word_1_241' title='bbox 1410 4234 1608 4328; x_wconf 77' lang='lat' dir='ltr'><strong>praesertim</strong></span> <span class='ocrx_word' id='word_1_242' title='bbox 1626 4255 1713 4304; x_wconf 91' lang='lat' dir='ltr'><strong>ocu-</strong></span> 
     </span>
     <span class='ocr_line' id='line_1_30' title="bbox 314 4347 1715 4449; baseline 0.006 -29"><span class='ocrx_word' id='word_1_243' title='bbox 314 4385 327 4420; x_wconf 81' lang='lat'>«</span> <span class='ocrx_word' id='word_1_244' title='bbox 354 4355 398 4424; x_wconf 92' lang='lat' dir='ltr'><strong>lis</strong></span> <span class='ocrx_word' id='word_1_245' title='bbox 415 4401 424 4434; x_wconf 90' lang='lat'><strong>,</strong></span> <span class='ocrx_word' id='word_1_246' title='bbox 444 4353 474 4422; x_wconf 94' lang='lat' dir='ltr'><strong>si</strong></span> <span class='ocrx_word' id='word_1_247' title='bbox 491 4349 569 4420; x_wconf 90' lang='lat' dir='ltr'><strong>illos</strong></span> <span class='ocrx_word' id='word_1_248' title='bbox 588 4347 769 4444; x_wconf 83' lang='lat' dir='ltr'><strong>adtingat,</strong></span> <span class='ocrx_word' id='word_1_249' title='bbox 790 4374 879 4447; x_wconf 87' lang='lat' dir='ltr'><strong>quos</strong></span> <span class='ocrx_word' id='word_1_250' title='bbox 898 4349 988 4424; x_wconf 83' lang='lat' dir='ltr'><strong>adeh</strong></span> <span class='ocrx_word' id='word_1_251' title='bbox 1002 4352 1227 4436; x_wconf 86' lang='lat' dir='ltr'><strong>inflammat,</strong></span> <span class='ocrx_word' id='word_1_252' title='bbox 1248 4352 1383 4449; x_wconf 85' lang='lat' dir='ltr'><strong>talique</strong></span> <span class='ocrx_word' id='word_1_253' title='bbox 1407 4352 1529 4424; x_wconf 89' lang='lat' dir='ltr'><strong>dolore</strong></span> <span class='ocrx_word' id='word_1_254' title='bbox 1552 4355 1715 4428; x_wconf 89' lang='lat' dir='ltr'><strong>tumidos</strong></span> 
     </span>
     <span class='ocr_line' id='line_1_31' title="bbox 318 4471 1718 4570; baseline 0.007 -30"><span class='ocrx_word' id='word_1_255' title='bbox 318 4505 331 4540; x_wconf 80' lang='grc' dir='ltr'>ι</span> <span class='ocrx_word' id='word_1_256' title='bbox 359 4471 492 4554; x_wconf 87' lang='lat' dir='ltr'><strong>reddit,</strong></span> <span class='ocrx_word' id='word_1_257' title='bbox 512 4471 712 4546; x_wconf 85' lang='lat' dir='ltr'><strong>utillorum</strong></span> <span class='ocrx_word' id='word_1_258' title='bbox 731 4497 840 4544; x_wconf 91' lang='lat' dir='ltr'><strong>usum</strong></span> <span class='ocrx_word' id='word_1_259' title='bbox 859 4476 938 4570; x_wconf 91' lang='lat' dir='ltr'><strong>quis</strong></span> <span class='ocrx_word' id='word_1_260' title='bbox 958 4477 1157 4554; x_wconf 88' lang='lat' dir='ltr'><strong>amitteret,</strong></span> <span class='ocrx_word' id='word_1_261' title='bbox 1179 4477 1215 4544; x_wconf 93' lang='lat' dir='ltr'><strong>ni</strong></span> <span class='ocrx_word' id='word_1_262' title='bbox 1239 4477 1308 4546; x_wconf 91' lang='lat' dir='ltr'><strong>cito</strong></span> <span class='ocrx_word' id='word_1_263' title='bbox 1327 4475 1462 4544; x_wconf 87' lang='lat' dir='ltr'><strong>auxilio</strong></span> <span class='ocrx_word' id='word_1_264' title='bbox 1480 4475 1548 4546; x_wconf 91' lang='lat' dir='ltr'><strong>illis</strong></span> <span class='ocrx_word' id='word_1_265' title='bbox 1567 4501 1718 4550; x_wconf 89' lang='lat' dir='ltr'><strong>succur-</strong></span> 
     </span>
     <span class='ocr_line' id='line_1_32' title="bbox 321 4587 1717 4690; baseline 0.008 -30"><span class='ocrx_word' id='word_1_266' title='bbox 321 4623 334 4660; x_wconf 71' lang='grc' dir='ltr'>ι</span> <span class='ocrx_word' id='word_1_267' title='bbox 364 4605 511 4667; x_wconf 82' lang='lat' dir='ltr'><strong>rotetur.</strong></span> <span class='ocrx_word' id='word_1_268' title='bbox 531 4587 610 4664; x_wconf 85' lang='grc' dir='ltr'><strong>Ηοο</strong></span> <span class='ocrx_word' id='word_1_269' title='bbox 629 4606 748 4664; x_wconf 81' lang='lat' dir='ltr'><strong>nauta.</strong></span> <span class='ocrx_word' id='word_1_270' title='bbox 767 4607 942 4666; x_wconf 86' lang='lat' dir='ltr'><strong>nostrates</strong></span> <span class='ocrx_word' id='word_1_271' title='bbox 957 4597 1093 4689; x_wconf 87' lang='lat' dir='ltr'><strong>experti</strong></span> <span class='ocrx_word' id='word_1_272' title='bbox 1110 4593 1238 4690; x_wconf 78' lang='lat' dir='ltr'><strong>sapitis</strong></span> <span class='ocrx_word' id='word_1_273' title='bbox 1257 4595 1356 4666; x_wconf 81' lang='lat' dir='ltr'><strong>tuere</strong></span> <span class='ocrx_word' id='word_1_274' title='bbox 1375 4617 1461 4666; x_wconf 91' lang='lat' dir='ltr'><strong>cum</strong></span> <span class='ocrx_word' id='word_1_275' title='bbox 1480 4619 1546 4670; x_wconf 89' lang='lat' dir='ltr'><strong>suo</strong></span> <span class='ocrx_word' id='word_1_276' title='bbox 1561 4597 1717 4684; x_wconf 90' lang='lat' dir='ltr'><strong>damno,</strong></span> 
     </span>
     <span class='ocr_line' id='line_1_33' title="bbox 241 4716 1721 4814; baseline 0.003 -20"><span class='ocrx_word' id='word_1_277' title='bbox 241 4785 245 4794; x_wconf 93' lang='lat'><strong>.</strong></span> <span class='ocrx_word' id='word_1_278' title='bbox 326 4747 338 4782; x_wconf 81' lang='lat' dir='ltr'><strong>r</strong></span> <span class='ocrx_word' id='word_1_279' title='bbox 367 4721 428 4814; x_wconf 91' lang='lat' dir='ltr'><strong>qui</strong></span> <span class='ocrx_word' id='word_1_280' title='bbox 452 4721 573 4796; x_wconf 85' lang='lat' dir='ltr'><strong>emissi</strong></span> <span class='ocrx_word' id='word_1_281' title='bbox 609 4716 653 4790; x_wconf 92' lang='lat' dir='ltr'><strong>ad</strong></span> <span class='ocrx_word' id='word_1_282' title='bbox 678 4718 819 4812; x_wconf 84' lang='lat' dir='ltr'><strong>lignum</strong></span> <span class='ocrx_word' id='word_1_283' title='bbox 849 4717 1064 4794; x_wconf 74' lang='lat' dir='ltr'><strong>cadendum</strong></span> <span class='ocrx_word' id='word_1_284' title='bbox 1091 4741 1155 4814; x_wconf 91' lang='lat' dir='ltr'><strong>pro</strong></span> <span class='ocrx_word' id='word_1_285' title='bbox 1181 4717 1283 4802; x_wconf 84' lang='lat' dir='ltr'><strong>ioco,</strong></span> <span class='ocrx_word' id='word_1_286' title='bbox 1313 4739 1354 4790; x_wconf 86' lang='lat' dir='ltr'><strong>ac</strong></span> <span class='ocrx_word' id='word_1_287' title='bbox 1378 4719 1415 4790; x_wconf 92' lang='lat' dir='ltr'><strong>in</strong></span> <span class='ocrx_word' id='word_1_288' title='bbox 1436 4719 1554 4791; x_wconf 88' lang='lat' dir='ltr'><strong>littore</strong></span> <span class='ocrx_word' id='word_1_289' title='bbox 1580 4721 1645 4796; x_wconf 88' lang='lat' dir='ltr'><strong>bas</strong></span> <span class='ocrx_word' id='word_1_290' title='bbox 1668 4745 1721 4798; x_wconf 81' lang='lat' dir='ltr'><strong>at·</strong></span> 
     </span>
    </p>
   </div>
   <div class='ocr_carea' id='block_1_6' title="bbox 0 0 2443 6020">
    <p class='ocr_par' dir='ltr' id='par_1_9' title="bbox 0 0 2443 6020">
     <span class='ocr_line' id='line_1_34' title="bbox 0 0 2443 6020; baseline 0 0"><span class='ocrx_word' id='word_1_291' title='bbox 0 0 2443 6020; x_wconf 95' lang='lat' dir='ltr'><strong> </strong></span> 
     </span>
    </p>
   </div>
  </div>
 </body>
</html>
