4752 6020
947 635 961 730 (
988 635 1034 730 9³
1063 630 1075 728 l

304 791 373 864 que
392 785 482 844 artes
501 775 580 846 tirm
597 776 747 871 parandi
764 775 952 860 manihot‚
972 777 1052 849 tirm
1070 777 1235 850 servandi
1251 791 1439 874 paratum,
1457 801 1571 875 eoque
1587 785 1649 850 aut'
1665 781 1702 850 in

304 893 411 978 cibis,
431 910 493 967 aut
510 901 547 968 in
565 901 735 994 potibus,
755 915 816 972 aut
833 905 870 972 in
890 901 1165 974 medicamentis
1184 901 1309 972 utendi
1325 901 1412 996 ,legi
1429 917 1581 998 possunt
1598 907 1636 974 in
1651 903 1704 976 di·

303 1020 410 1088 versis
424 1021 612 1116 operibus,
626 1037 667 1094 ut
685 1024 900 1120 Marcgravio
917 1022 997 1122 (65)
1013 1025 1165 1106 ,Pisone
1184 1023 1289 1122 (52),
1309 1025 1439 1096 Aublct
1454 1023 1595 1122 (Suppl.
1618 1025 1701 1122 65),

303 1151 338 1209 et
354 1145 457 1212 variis
479 1141 522 1214 de
538 1145 753 1238 agricultura
773 1160 835 1216 aut
857 1146 901 1218 de
920 1145 1062 1218 chemid
1082 1147 1290 1218 tractatibus
1308 1171 1317 1217 ε
1333 1148 1457 1218 verbm
1476 1147 1558 1231 hic,
1579 1149 1703 1245 utpot'e

303 1264 425 1336 minds
444 1266 488 1338 ad
507 1282 762 1360 argumentum
781 1283 946 1343 nostrum
965 1281 1195 1364 spectantes,
1214 1273 1543 1365 praetermittentur.

908 1491 1094 1542 mvltorvm.

348 1643 387 1714 J.
414 1668 542 1718 crrrcas
556 1701 570 1741 ,
597 1647 702 1720 arbor
724 1671 766 1719 ex
793 1637 957 1720 dmerict
988 1647 1183 1732 calidiore,
1215 1647 1374 1720 disicere
1403 1647 1548 1719 borcali.
1572 1687 1619 1701 -
1638 1645 1704 1719 Se-

299 1788 407 1851 men,
429 1771 526 1866 quod
544 1776 686 1868 pr'grrorr
705 1769 842 1842 d'lnde
855 1826 871 1866 ,
899 1797 982 1842 trux
1008 1769 1247 1842 barbaderrsr's
1270 1795 1334 1842 seu
1363 1771 1571 1840 amerv'carra
1597 1769 1703 1864 vulgo

300 1905 580 1985 nuncupantur,
595 1891 698 1966 valde
717 1915 795 1966 acre
806 1906 842 1965 et
859 1895 1160 1965 venenosumEx
1175 1893 1312 1986 analysi
1330 1892 1492 1965 chemica
1513 1893 1528 1989 (
1538 1893 1703 1964 Pelletier

300 2021 335 2078 et
353 2010 554 2096 Caventon,
574 2014 701 2086 Journ.
724 2013 865 2109 pharm.
894 2016 998 2087 1818.
1019 2024 1056 2084 n·
1075 2039 1108 2109 7,
1126 2027 1160 2086 et
1179 2014 1254 2084 Ess.
1278 2015 1370 2084 anal.
1390 2039 1450 2086 sur
1463 2015 1496 2085 la
1515 2019 1635 2110 graiae
1650 2015 1699 2086 du

297 2128 508 2205 Me'dicinicr
525 2133 790 2233 cathartique),
805 2148 933 2232 praeter
951 2136 1018 2207 alia
1034 2135 1233 2218 nonnulla,
1254 2135 1376 2206 oleum
1391 2149 1426 2207 et
1443 2135 1628 2232 quoddam
1642 2161 1702 2231 pe-

300 2253 432 2326 culiare
450 2255 596 2329 acidum
612 2263 785 2330 continet.
1496 2235 1499 2240 ¹

344 2373 612 2474 Perispermum
643 2381 759 2452 lenius
785 2380 948 2463 videtur,
979 2382 1129 2475 embryo
1155 2380 1354 2454 admodirm
1386 2383 1560 2464 nocivus,
1592 2379 1702 2476 idque

294 2500 472 2594 principio
490 2502 623 2574 volatili
637 2503 897 2586 tribuendum,
916 2515 957 2572 ut
974 2505 1012 2572 in
1028 2503 1154 2574 multis
1172 2500 1455 2599 Euphorbiaceis
1470 2531 1481 2585 ς
1496 2504 1596 2599 quod
1613 2505 1702 2600 jam·

293 2621 435 2714 pridem
460 2624 659 2696 constabat.
686 2625 768 2698 Piso
797 2629 895 2698 enim
922 2625 966 2696 de
992 2624 1063 2697 boc
1089 2629 1230 2696 semine
1252 2653 1261 2696 ε
1285 2655 1298 2690 ι
1319 2624 1614 2722 Validepurgant
1630 2641 1700 2700 tres

202 2829 210 2838 ,
302 2773 315 2807 ι
345 2759 407 2818 aut
425 2759 581 2844 quatuor
597 2749 718 2819 nuclei
742 2753 918 2832 comesti,
939 2747 1140 2842 etquidem
1161 2751 1296 2830 nimis,
1318 2752 1347 2820 si
1368 2749 1536 2847 pellicula
1555 2753 1703 2822 interior

302 2905 315 2939 ι
345 2894 420 2944 non
451 2883 658 2968 separetur;
685 2871 840 2968 ideoque
866 2894 1011 2966 semper
1043 2869 1247 2941 adimenda.
1280 2902 1293 2934 »
1332 2871 1375 2940 Et
1401 2873 1519 2974 infral:
1546 2903 1559 2938 ι
1586 2875 1702 2948 Nuces

301 3025 314 3062 ι
341 2999 560 3093 purgatrices
579 2993 746 3067 nonnihil
769 2997 851 3068 ant'e
869 2993 1047 3068 torrendae
1062 3007 1147 3065 sunt
1165 3045 1174 3078 ,
1196 3007 1235 3064 ut
1254 2993 1371 3065 leniris
1389 3005 1593 3088 operentur.
1618 2983 1644 3060 ι’

341 3119 497 3190 Seminis
522 3130 644 3190 autem
662 3121 882 3214 perispermo
902 3143 977 3191 non
997 3117 1158 3198 destituti
1181 3119 1254 3190 vim
1280 3119 1539 3190 recentioribus
1564 3119 1701 3214 experi-

291 3231 690 3339 mentis'comprobavit
708 3242 832 3314 doctor
849 3241 960 3314 Orlila
982 3241 1041 3340 (a.
1065 3242 1149 3338 97).
1173 3241 1217 3311 In
1235 3239 1386 3312 canibus
1404 3240 1536 3336 quibus
1553 3244 1700 3336 ingestae

291 3378 379 3437 eunt
403 3363 512 3460 hujus
539 3367 660 3436 farinae
685 3365 739 3434 r·3
757 3363 957 3447 drachmae,
978 3361 1260 3436 observabantur
1276 3364 1394 3460 primd
1414 3362 1459 3434 ad
1476 3363 1699 3436 vomendum

293 3500 445 3562 conatus
459 3537 469 3572 ,
482 3499 518 3558 et
530 3487 713 3560 interdirm
729 3487 898 3583 querclae,
917 3507 1003 3558 mox
1022 3484 1142 3558 standi
1152 3489 1306 3557 etetiam
1324 3484 1503 3556 sentiendi
1517 3488 1700 3582 impoten-

291 3616 363 3694 tia;
380 3624 533 3708 postque
547 3623 701 3682 mortem
712 3665 721 3694 ,
733 3609 860 3684 decem
879 3611 1018 3680 circiter
1031 3607 1265 3704 elapsisboris
1278 3659 1287 3688 ‚
1298 3612 1609 3702 supervenientem
1621 3665 1631 3698 ,
1644 3633 1700 3681 ca·

293 3736 383 3807 nalis
408 3735 600 3828 digestivus
619 3733 717 3804 intirs
736 3745 770 3803 et
784 3733 887 3804 extus
906 3731 1176 3812 inflammatus,
1198 3730 1365 3824 calorque
1383 3731 1605 3802 membranae
1622 3735 1700 3828 ejus

291 3880 448 3931 mucosae
465 3855 649 3926 interdum
669 3854 904 3926 atro-rubens.
921 3852 1095 3948 Ejusdem
1111 3849 1326 3922 adracbmae
1347 3851 1446 3921 canis
1465 3851 1592 3924 femori
1605 3853 1699 3949 pelle

289 3981 443 4076 spoliato
458 3979 665 4075 applicatae,
687 3998 814 4048 necem
832 3983 973 4071 postera
987 3976 1132 4046 tantbm
1146 3973 1225 4056 die,
1245 3974 1410 4046 sensibus
1429 3996 1572 4070 quoque
1592 3978 1697 4050 anted

289 4105 478 4182 extinctis,
506 4101 655 4171 attulere
690 4126 698 4169 :
730 4097 818 4170 huic
851 4098 983 4168 canalis
1015 4097 1175 4190 digestivi
1207 4096 1448 4167 inflammatio
1475 4096 1606 4180 nulla,
1634 4097 1698 4172 sed

290 4247 420 4320 magna
441 4225 584 4295 femoris
608 4223 749 4320 spoliati
766 4225 945 4317 vicinique
965 4221 1181 4293 abdominis.
1206 4221 1306 4294 Und'e
1328 4234 1426 4316 patet
1445 4243 1568 4294 semen
1586 4221 1696 4318 hujus

292 4345 474 4441 latrophae
494 4343 693 4416 admodirm
713 4343 853 4414 exitiale
868 4366 966 4427 csse,
984 4341 1082 4437 quod
1101 4365 1175 4414 non
1189 4343 1410 4438 absorptioni
1426 4343 1615 4429 debeatur,
1631 4344 1696 4416 sed

291 4469 442 4538 intense.
475 4465 756 4536 inflammationi
787 4488 866 4560 quae
885 4477 1092 4536 contactum
1119 4464 1197 4560 ejus
1223 4467 1478 4559 consequitur,
1499 4479 1534 4537 et
1552 4489 1695 4563 sympa-

293 4583 400 4658 tbicae
428 4587 566 4656 nervosi
597 4589 799 4678 systematis
824 4585 1115 4680 perturbationi3
1141 4581 1390 4657 vehementius
1410 4599 1531 4662 autem
1557 4591 1700 4684 operari

296 4707 484 4784 stomacho
503 4708 613 4804 quam
632 4707 710 4780 telae
728 4707 887 4780 cellulari
906 4705 1105 4778 admotum.
