4752 6020
939 659 1064 762 ts>

884 877 1090 930 surnonstn.

345 1059 443 1132 Inter
467 1059 601 1152 species
626 1054 736 1149 hujus
753 1053 889 1146 generis
910 1051 1246 1131 numerosissimas,
1266 1071 1390 1144 pauca,
1413 1059 1497 1118 sunt
1515 1063 1594 1140 quae
1612 1069 1687 1116 non

295 1203 402 1252 succo
428 1189 594 1271 turgeant
613 1176 726 1246 lacteo
743 1221 752 1254 ,
772 1173 843 1242 aeri
864 1196 873 1240 ε
895 1168 1013 1242 sed-iu
1031 1167 1250 1263 quibusdam
1269 1170 1451 1248 carnosis,
1472 1166 1690 1238 cactilormi-

295 1303 364 1374 bus
395 1299 555 1373 abundat
583 1297 805 1392 prasertim,
831 1294 850 1364 d
877 1291 1009 1388 quibus
1037 1302 1216 1374 estractus
1245 1300 1505 1382 concretusque
1533 1299 1691 1358 servatur

298 1422 365 1494 sub
384 1423 530 1492 nomine
544 1417 688 1516 gummi
701 1411 933 1510 Enplrorbii,
953 1410 996 1480 de
1016 1433 1088 1505 quo
1105 1409 1165 1480 hic
1184 1410 1343 1506 primum
1362 1421 1495 1502 agetur.

349 1544 477 1614 Forma
491 1543 589 1635 ejus,
606 1537 770 1610 massulas
786 1535 1013 1630 irregulares,
1033 1531 1212 1616 lriabiles,
1227 1532 1355 1626 saepids
1369 1532 1552 1625 perforatae
1566 1555 1576 1610 ;
1591 1530 1692 1602 ‘color
1736 1585 1741 1596 .

300 1663 401 1736 extbs
426 1661 558 1757 pallide
585 1659 704 1731 luteus
725 1669 787 1728 aut
812 1656 1013 1738 rufescens‚
1039 1653 1137 1726 intirs
1156 1652 1285 1735 albus3
1310 1651 1398 1723 odor
1416 1651 1564 1733 nullus;
1589 1673 1694 1746 sapor

300 1807 384 1856 mox
417 1804 582 1880 pungens
616 1800 795 1876 urensque
837 1799 903 1850 nec
941 1777 1020 1863 tutti
1054 1775 1268 1868 exploratus.
1304 1773 1529 1864 Elementa,
1567 1774 1692 1845 resinae

300 1918 417 2006 partes
437 1904 508 1986 60,
527 1903 596 1974 olei
612 1899 763 1972 volatilis
789 1912 824 1971 et
845 1923 945 1994 aquas
972 1901 1021 1978 8,
1045 1909 1207 1977 caeterae,
1236 1895 1411 1967 malatum
1435 1895 1541 1968 calcis
1565 1907 1600 1966 et
1625 1917 1695 1988 po-

300 2037 425 2110 tassae,
451 2046 612 2119 ceraeque
628 2036 664 2093 et
680 2021 822 2116 lignosi.
843 2020 944 2116 Aqua
961 2019 1194 2116 paucissimas
1213 2017 1315 2088 solvit
1323 2066 1344 2102 ‚,
1361 2017 1478 2091 alcool
1489 2015 1666 2114 plurimas
1682 2067 1694 2101 ,

299 2150 527 2241 tincturaque
545 2169 587 2216 ex
607 2167 649 2216 eo
667 2145 850 2216 acerrima.
1623 2235 1639 2250 ,

349 2270 548 2368 Euphorbii
568 2272 692 2342 nociva
717 2273 767 2340 vis
793 2267 957 2364 pluribus
981 2268 1154 2364 exemplis
1177 2281 1275 2364 patet
1302 2267 1412 2364 qudm
1439 2281 1477 2338 ut
1495 2268 1618 2338 omnia
1635 2263 1696 2338 hic

301 2394 502 2466 referantur
526 2390 627 2487 (vr'cl.
650 2391 815 2480 llur1·.4.
841 2391 931 2488 88).
963 2391 1015 2460 Ex
1034 2389 1104 2462 hoe
1126 2390 1299 2484 deglutito
1326 2389 1544 2460 atrocissima
1565 2388 1695 2458 ventris

301 2518 480 2597 tormina,
503 2509 814 2610 hyperoartharses
836 2535 921 2586 cum
945 2512 1200 2596 vomitionibus
1217 2513 1537 2608 frequentissimis,
1558 2510 1699 2604 singul-

302 2651 384 2721 tus,
412 2637 515 2710 ardor
537 2635 723 2708 ventriculi
750 2649 785 2706 et
811 2637 999 2719 faucium,
1026 2634 1174 2708 sudores
1201 2635 1346 2730 frigidi,
1373 2638 1485 2708 animi
1515 2634 1695 2732 deliquia,

298 2785 399 2834 mors
426 2761 544 2856 saepe,
571 2770 764 2830 consecuta
787 2771 883 2828 sunt.
915 2756 1008 2832 cun
1035 2761 1109 2830 cuti
1133 2759 1250 2830 vultus
1278 2771 1384 2855 atque
1415 2759 1591 2853 imprimis
1617 2757 1696 2828 telae

303 2887 445 2957 narium
477 2905 635 2954 mucosae
660 2882 905 2978 applicatum,
933 2879 1163 2976 phlegmasiae
1190 2881 1499 2974 ulcerationesque
1530 2903 1699 2977 superve-

304 3009 399 3080 nire.
422 3002 538 3100 Hujus
551 3006 749 3078 semiuncia
763 3005 843 3074 cani
856 3000 973 3074 valido
989 3005 1149 3097 ingesta,
1169 3025 1254 3074 mox
1271 3004 1425 3096 gemitus
1440 3015 1475 3072 et
1489 3002 1534 3081 ad
1547 3023 1698 3074 vomen-

305 3129 394 3204 dum
423 3142 601 3207 conatus3
630 3131 771 3220 postera
793 3123 850 3195 die
876 3126 1005 3201 virium
1028 3137 1070 3208 et
1096 3145 1271 3199 sensuum
1296 3122 1450 3204 delectio
1466 3175 1485 3207 ,,
1504 3145 1632 3206 mors;
1659 3127 1696 3199 in

306 3251 492 3332 cadavere,
511 3249 681 3324 intestina
698 3248 821 3318 omnia
840 3245 1038 3330 admodum
1056 3246 1293 3334 inflammata.¹
1313 3244 1511 3339 Euphorbii
1527 3246 1698 3340 pulserp7

304 3374 392 3444 lenti
410 3369 590 3444 dracbmae
610 3393 629 3442 a
649 3368 728 3438 telas
754 3367 913 3440 cellulari
931 3367 1076 3442 femoris
1095 3367 1274 3454 admotas,
1294 3367 1449 3438 membri
1463 3369 1696 3462 partiumque

304 3498 503 3568 vicinarum
529 3491 854 3564 inflammationem
877 3489 1048 3564 lethalem
1074 3492 1252 3574 attulere,
1276 3491 1340 3562 sed
1362 3505 1498 3565 senato
1524 3513 1697 3564 sensuum

306 3625 497 3710 motusque
511 3639 576 3686 usu
586 3663 596 3698 ,
613 3615 864 3708 intestinisque
878 3625 912 3684 et
925 3611 1160 3708 pulmonibus
1173 3611 1304 3682 illaesis.
1327 3611 1577 3707 Euphorbium
1593 3617 1701 3708 igitur

306 3742 342 3810 in
362 3735 606 3810 animantibus
622 3739 715 3808 sicut
731 3737 769 3806 in
786 3733 934 3806 bomine
945 3745 1119 3827 operatur
1132 3783 1141 3815 ,
1156 3731 1417 3827 phlegmasiam
1432 3734 1699 3809 localemacer-

305 3862 436 3932 rimam
451 3861 541 3940 ciet,
560 3855 657 3928 unde
671 3859 832 3954 sequitur
847 3853 1070 3952 sympatbioa
1086 3857 1287 3949 systematis
1302 3857 1438 3926 nervosi
1452 3857 1696 3954 perturbatio,

306 3981 368 4052 sed
386 4005 459 4052 non
478 3977 697 4050 absorbetur.
727 3975 826 4073 (Ori.
844 4001 885 4046 n.
899 3975 993 4072 sa.)

353 4101 444 4172 Usus
464 4102 540 4197 ejus
559 4099 654 4196 apud
672 4111 826 4182 veteres,
847 4098 892 4170 ad
910 4097 1103 4173 catbarsim
1117 4102 1495 4196 sternutationemquo
1508 4098 1699 4182 ciendam.

306 4226 644 4319 frequentissimus,
678 4242 775 4294 nuuc
798 4223 900 4317 quasi
927 4223 1078 4292 omnind
1110 4223 1310 4303 obsolevit3
1339 4235 1377 4296 et
1400 4225 1494 4294 reete
1520 4221 1698 4316 quidemr

303 4348 386 4446 plius
414 4349 511 4418 enim
538 4344 812 4440 pharmacopaen
834 4343 972 4437 paranti
993 4343 1157 4426 nocebat,
1173 4347 1282 4440 qoam
1307 4345 1478 4438 proderat
1498 4347 1694 4436 agrotanti,

307 4464 336 4536 A
370 4461 586 4556 quibusdam
620 4474 745 4533 tamen
774 4457 1078 4544 commendatur,
1110 4447 1172 4534 sed
1207 4463 1326 4556 topicis
1358 4461 1628 4550 tanttim„seu
1657 4458 1701 4530 ad

308 4585 560 4655 vesicattouem
592 4583 628 4650 in
659 4581 1120 4676 unguentisepispasticis,
1143 4592 1189 4659 ,ut
1212 4593 1399 4676 pummato
1414 4581 1520 4675 vulgd
1546 4581 1641 4669 dioto
1658 4579 1704 4652 do

313 4703 527 4800 Grandjean
541 4756 556 4798 ,
589 4725 650 4774 seu
684 4705 759 4774 «iu
789 4705 881 4774 carie
913 4705 1047 4774 ossium
1078 4701 1123 4772 ad
1160 4702 1397 4798 separandam
1428 4705 1593 4776 vitiosam
1625 4725 1704 4799 par·
