4752 6020
1356 633 1370 730 t
1395 658 1443 730 no
1470 633 1484 732 l

719 797 732 832 ι
759 768 865 846 bures
884 770 1007 844 obrias
1026 772 1214 859 videntes,
1239 781 1426 852 securibus
1445 785 1519 854 suis
1538 785 1675 859 fortiter
1697 789 1916 864 incidebant.
1945 792 2014 864 Sed
2035 817 2121 866 mox

722 926 735 960 a
763 897 973 991 prosiliente
992 898 1083 969 lacte
1102 901 1199 971 oculi
1223 904 1385 996 ipsorum
1410 907 1458 976 itt
1483 890 1765 996 infestabantur,
1786 927 1826 985 ut
1844 917 2019 1012 tanqulm
2039 921 2123 991 luri·

635 1129 642 1138 .
719 1047 734 1082 ι
761 1018 879 1092 buudi
893 1043 958 1114 per
971 1019 1072 1092 littus
1081 1019 1335 1108 decurrerent,
1350 1051 1507 1122 quorum
1521 1045 1556 1102 et
1568 1035 1717 1128 qnidam
1731 1039 1848 1108 visum
1860 1061 1967 1113 snum
1977 1041 2121 1136 penitds

720 1175 734 1210 ι
760 1145 1047 1240 perdiderunt.»
1075 1147 1263 1248 (Rumpit.
1295 1175 1329 1222 n.
1356 1153 1465 1252 238.)
1491 1153 1583 1228 Hinc
1604 1159 1721 1231 arbori
1747 1166 1986 1248 excaecantis,
2011 1187 2121 1258 gene-

711 1273 814 1368 rique
835 1273 1046 1344 Exeaecartae
1066 1297 1202 1345 nomen
1222 1275 1393 1348 inditum.
1412 1279 1517 1375 bigni
1535 1283 1719 1379 ejusdem,
1735 1287 1820 1358 calm
1840 1289 1978 1372 uritur,
1998 1289 2119 1363 fumus

710 1407 830 1468 nocet.
858 1395 871 1493 (
892 1397 942 1468 Ex
958 1395 1201 1470 Lescbenault
1218 1425 1303 1472 mss.
1322 1399 1335 1498 )

757 1515 806 1588 E.
837 1521 1034 1603 onnaetn'a,
1061 1521 1166 1593 arbor
1187 1522 1320 1596 indica.
1352 1568 1397 1579 -
1420 1557 1433 1592 ι
1459 1528 1618 1620 Lignum
1641 1541 1678 1601 et
1700 1531 1802 1602 radix
1826 1513 1938 1605 incisa
1968 1559 2118 1610 soccum

716 1671 730 1708 ι
759 1663 879 1714 acrem
906 1643 1066 1717 lacteum
1089 1646 1262 1718 tundunt.
1287 1647 1339 1719 Ex
1365 1651 1500 1723 arboris
1523 1651 1616 1724 loliis
1636 1655 1673 1724 in
1701 1662 1794 1751 aqud
1816 1661 1925 1728 coctis
1945 1659 2117 1732 balneum

716 1795 729 1830 ι
757 1767 952 1838 conficitur
975 1767 1308 1844 anti-arthriticum.
1339 1773 1478 1844 Eodem
1508 1773 1686 1860 decocto,
1715 1781 1744 1848 si
1770 1779 1890 1850 ulcera
1916 1786 2061 1880 antiqua
2083 1801 2131 1856 et.

715 1919 729 1956 r
756 1894 962 1964 verminosa
980 1892 1166 1976 latentur,
1185 1917 1323 1967 termes
1341 1911 1534 1978 necantur,
1557 1921 1597 1970 ac
1616 1899 1735 1971 ulcera
1757 1915 1923 1996 potenter
1936 1905 2119 1980 mundan-

715 2027 825 2088 tlut.
858 2045 871 2082 ι
905 2013 1053 2112 (Recti.
1092 2015 1125 2086 5·
1165 2017 1224 2110 89·
1253 2013 1267 2110 )

1306 2237 1517 2288 urrrorttltrt.

754 2391 806 2466 H.
835 2391 1090 2490 martinello,
1117 2393 1222 2468 arbor
1253 2395 1428 2472 antillana
1453 2409 1489 2468 et
1513 2399 1732 2491 gnianensis.
1755 2439 1802 2453 -
1832 2397 1977 2474 Arboris
2003 2401 2111 2501 bnjns

702 2517 855 2592 exitialis
876 2541 1010 2614 magna
1029 2519 1150 2602 lama,
1175 2519 1470 2592 dissentientibus
1487 2535 1611 2594 tamen
1630 2522 1673 2592 de
1692 2523 1842 2619 periculi
1862 2527 2112 2620 magnitudine

703 2641 961 2716 narratoribus.
994 2673 1007 2706 ι
1027 2642 1119 2716 Tuta
1139 2641 1245 2714 arbor
1261 2645 1298 2714 in
1318 2644 1490 2715 omnibus
1507 2648 1580 2716 suis
1597 2647 1761 2740 partibus
1786 2647 1879 2720 laete
1902 2661 2011 2722 scatet
2029 2675 2115 2723 can-

709 2795 723 2832 e
750 2764 972 2850 dtdiastmo,
999 2767 1247 2862 copiosissimo
1273 2763 1447 2861 valdeque
1475 2769 1661 2852 caustico,
1700 2765 1787 2840 hinc
1816 2775 2105 2848 venenatissimo.

709 2917 722 2954 r
750 2887 902 2960 Guttnla
920 2889 998 2986 ejus
1020 2889 1095 2962 cuti
1113 2894 1245 2962 mantis
1263 2890 1437 2984 imposita
1449 2887 1589 2987 (volam
1607 2889 1777 2986 excipio)
1798 2891 1896 2964 brevi
1920 2897 2107 2982 eamdem,

707 3013 842 3108 «ignit
874 3015 986 3086 instar
1019 3015 1114 3098 rivi,
1145 3015 1183 3083 in
1214 3015 1370 3084 vesicam
1403 3011 1552 3110 lympha
1585 3014 1732 3110 plenam
1763 3015 1903 3086 attollit.
1942 3019 2105 3118 »(Jacq.

699 3135 821 3212 dmer.
846 3133 956 3234 251.)
982 3134 1091 3223 Quod
1117 3135 1268 3232 quidem
1297 3147 1464 3230 expertus
1490 3147 1543 3206 est
1564 3135 1609 3205 D.
1635 3137 1794 3221 Tomoe,
1819 3139 1944 3233 quide
1970 3139 2037 3214 hdo
2057 3167 2108 3216 ar-

695 3259 784 3334 bore
812 3258 982 3332 *disseruit
1011 3257 1139 3356 (Jour.
1170 3259 1245 3330 bot.
1287 3257 1390 3360 ιβιδ.
1425 3281 1453 3328 ι.
1492 3259 1581 3356 aru)
1611 3285 1620 3329 t
1651 3273 1761 3353 guttae
1788 3263 1976 3334 nonnullae
1999 3264 2107 3360 hujus

696 3385 796 3458 tueri
818 3383 945 3454 manui
965 3379 1120 3452 admotae
1139 3379 1316 3474 ampullas
1334 3391 1548 3464 moverunt,
1562 3401 1652 3475 quas
1670 3395 1864 3454 consecuta
1882 3396 1968 3454 sunt
1982 3382 2105 3456 acerba

694 3505 967 3602 pertinaciaque
992 3502 1136 3586 ulcera,
1165 3525 1245 3608 quaa
1268 3503 1415 3574 nonnisi
1450 3503 1635 3574 mensibus
1664 3503 1800 3599 aliquot
1826 3506 1954 3601 elapsis
1983 3521 2105 3578 sanata

695 3629 805 3704 lubre.
819 3667 865 3684 ·-·
885 3625 1030 3722 Nigritae
1049 3628 1111 3724 qui
1129 3625 1313 3698 ramulum
1332 3625 1477 3696 tantdm
1497 3625 1721 3696 blancanillae
1741 3625 1888 3710 fiderat,
1909 3629 2017 3700 facies
2030 3653 2105 3702 ma·

696 3773 838 3848 nosque
852 3751 955 3846 qnasi
975 3761 1063 3820 usto
1082 3749 1356 3828 intumuerunt,
1373 3757 1464 3817 teste
1482 3743 1638 3816 Caetera.
1656 3749 1933 3820 —Memoratnr
1948 3749 2104 3847 deniqne

694 3875 841 3966 sagittat
859 3869 929 3946 hoc
949 3892 1088 3944 veneno
1107 3873 1253 3942 inlicere
1271 3869 1369 3940 soliti
1388 3869 1475 3938 olim
1494 3891 1577 3938 esse
1590 3869 1807 3941 Americani.

745 3993 884 4068 Eodem
906 4017 1018 4068 succo
1041 3993 1205 4066 abundat
1230 3995 1526 4086 integumentum
1557 4014 1750 4064 carnosum
1773 3995 1928 4080 fructus,
1958 3997 2019 4092 qui
2045 4021 2101 4068 co·

692 4119 768 4194 lore
793 4133 828 4194 et
850 4119 961 4194 odore
981 4141 1135 4216 pomum
1157 4115 1350 4214 parvulum
1374 4139 1583 4214 europaeum
1602 4089 1776 4189 refererite
1796 4121 1934 4189 nescios
1959 4122 2095 4191 imitat.

693 4243 896 4320 Arbitratur
909 4242 1198 4338 autemlacquin
1218 4239 1397 4340 (toncit.)
1414 4243 1533 4339 plures·
1553 4243 1745 4338 nunquam
1755 4241 1897 4314 comedi
1903 4243 2100 4340 posse‚ob-

691 4379 810 4442 stante
826 4369 930 4440 nucis
945 4368 1123 4440 interioris
1142 4371 1336 4462 asperrima
1348 4369 1603 4464 superlicio‚et
1614 4381 1786 4439 monente
1802 4369 1960 4439 faucium
1975 4369 2099 4440 ardore

689 4493 977 4588 promptissimo.
1009 4488 1078 4564 Sed
1100 4493 1168 4588 ipsi
1190 4491 1447 4598 contradicunt
1477 4490 1644 4586 quaedam
1679 4491 1871 4588 exempla,
1899 4489 2099 4587 eademque

689 4615 761 4688 tim
776 4615 1019 4711 Hippomenis
1034 4639 1106 4690 non
1122 4627 1197 4688 tam
1214 4615 1485 4688 formidolosam
1500 4618 1620 4686 testari
1635 4613 1813 4688 videntur.
1833 4613 1984 4697 Dicitur,
1999 4613 2095 4686 verbi

686 4739 822 4834 pratil,
844 4739 947 4810 miles
970 4739 1143 4836 quidam,
1161 4741 1328 4835 plurimis
1348 4738 1480 4812 horum
1499 4739 1686 4813 fructuum
1704 4743 1898 4824 comestis,
1915 4745 1986 4810 und
2005 4737 2092 4810 hora
2154 4775 2158 4782 ·
