4752 6020
1325 657 1340 750 (
1367 663 1414 746 rt
1440 655 1455 752 )

692 831 709 868 a
734 793 866 902 piperis
885 807 1033 886 aristosa
1047 803 1110 875 sed
1130 823 1202 874 non
1221 802 1328 873 multi
1347 805 1457 874 simul
1472 817 1560 875 sunt
1576 804 1708 877 edendi
1720 808 1765 878 ed
1783 805 1881 902 qudd
1896 801 2089 878 inebrient.

690 955 706 992 ι
734 927 771 1000 st
784 940 1006 1004 torreantur.
1025 919 1299 998 securissimum
1318 941 1384 998 est.
1398 981 1408 998 .
1423 978 1459 1000 ..
1478 925 1610 1000 Oleum
1628 929 1824 1001 decoctum
1841 927 1886 1000 ad
1904 931 2020 1026 pisces
2035 930 2094 1004 trt-

694 1081 707 1116 ι
734 1051 872 1124 candos
891 1051 936 1122 ab
954 1045 1170 1124 bominibus
1185 1050 1317 1124 vilibus
1334 1063 1540 1147 usurpatur.
1560 1083 1574 1118 ι
1592 1051 1807 1151 (rumpo.)

1332 1267 1436 1320 ΔΝΜ.

732 1423 783 1496 Α.
807 1429 981 1525 gumarii,
1010 1425 1116 1498 arbor
1137 1425 1370 1498 brasiiiensis.

708 1549 786 1622 'En
803 1551 1020 1645 Marcgravio
1041 1547 1161 1646 (troi
1185 1573 1195 1620 r
1218 1579 1231 1612 ι
1251 1549 1398 1622 barbari
1423 1550 1521 1622 iliius
1540 1553 1672 1624 cortice
1698 1564 1853 1624 utuntur
1880 1551 1925 1625 ad
1943 1558 2091 1650 capien-

690 1705 703 1739 ι
732 1673 796 1748 dns
813 1679 953 1774 pisces:
978 1683 1071 1773 aqut
1089 1678 1189 1748 enim
1211 1678 1250 1748 in
1277 1682 1347 1773 qud
1371 1691 1575 1750 maceratur
1597 1701 1725 1750 omnes
1753 1682 1956 1752 animantes
1982 1701 2090 1776 sopo-

688 1825 702 1860 r
730 1813 867 1872 rantur.
883 1853 891 1870 .
907 1853 940 1872 ..
981 1801 1131 1870 Fructus
1160 1797 1241 1868 duae
1265 1813 1442 1871 castanea
1472 1813 1641 1872 comesta
1658 1775 1833 1898 'purgant
1848 1803 1959 1874 bilem
1983 1815 2089 1898 atque

688 1951 702 1986 ι
728 1923 898 2018 pituitam
917 1921 1053 2018 absque
1068 1921 1233 2022 molestia
1252 1973 1261 2008 ,
1277 1925 1453 2018 omnique
1470 1926 1564 1994 aetati
1582 1935 1618 1994 et
1632 1927 1750 2004 serui,
1765 1927 1841 1996 imd
1859 1939 1895 1996 et
1906 1946 2092 2020 praegnan-

688 2056 707 2108 ἐ
729 2045 827 2116 tibus
847 2049 1083 2118 conveniunt.
1107 2047 1264 2118 Possunt
1293 2069 1440 2142 quoque
1458 2071 1502 2119 ex
1532 2045 1588 2120 bis
1611 2069 1696 2119 cum
1710 2047 1886 2120 -saccharo
1899 2047 2087 2141 pauxillo,

689 2195 704 2230 ι
730 2151 869 2238 semiue
892 2165 985 2239 anisi
1016 2181 1050 2238 aa
1079 2169 1315 2240 cinnamomo
1333 2169 1472 2243 tabeiia
1499 2172 1598 2253 fieri,
1631 2190 1713 2267 quaa
1733 2182 1819 2242 sunt
1841 2172 2087 2264 gratissimum

687 2315 701 2351 ι
730 2271 1039 2362 medicamentum
1057 2293 1101 2363 iis
1117 2295 1180 2386 qui
1197 2290 1392 2364 abhorrent
1417 2293 1437 2362 a
1460 2293 1711 2388 purgantibus.
1740 2292 1844 2364 Dotis
1861 2303 1984 2364 autem
2007 2290 2088 2360 dure

686 2423 955 2484 «castanea.
1178 2399 1182 2410 ’
1331 2429 1333 2441 ’
1464 2405 1468 2412 ’

727 2534 811 2606 Piso
835 2535 919 2633 (lib.
941 2556 987 2616 rt,
1011 2535 1069 2610 ch.
1094 2539 1155 2621 23,
1173 2565 1208 2635 p.
1242 2538 1311 2638 72)
1332 2541 1405 2609 vim
1425 2539 1604 2635 majorem
1622 2537 1824 2612 seminibus
1841 2531 2088 2632 tribuit'lpso

679 2659 779 2730 enim
802 2659 976 2742 testante,
1005 2683 1017 2723 a
1044 2660 1170 2732 vatidae
1195 2678 1355 2756 purgans
1386 2660 1456 2732 hoe
1486 2673 1542 2732 est
1575 2663 1804 2756 operationis.
1838 2658 2088 2746 Quamobrem

688 2808 701 2842 ι
729 2783 829 2875 aegris
855 2782 982 2853 morbo
1007 2785 1126 2854 fractis
1146 2782 1246 2854 h'aud
1273 2786 1353 2856 tutd
1382 2783 1598 2868 exhibetur,
1622 2782 1950 2878 nisiopportunbd
1973 2803 2087 2854 manu

619 2929 620 2933 ¹
689 2933 705 2966 ο
729 2903 862 2976 medici
897 2908 1155 2976 correctorium
1184 2909 1421 3008 accipiat...
1459 2907 1581 2978 Unum
1617 2906 1799 3002 siquidem
1828 2925 1953 2976 semen
1980 2916 2086 2999 atque

686 3052 700 3088 ι
729 3024 881 3098 alterum
901 3025 1168 3098 manducatum
1189 3029 1310 3100 alvum
1336 3000 1459 3110 d'ucit3
1482 3026 1703 3125 quibusdam
1719 3027 1829 3100 simul
1850 3033 1889 3096 'et
1907 3027 2086 3098 vomitum

685 3175 699 3210 ι
728 3151 873 3220 excitat.¹
891 3147 993 3219 Oiim
1013 3135 1198 3243 magnates
1219 3149 1379 3246 purgans
1394 3149 1530 3222 boc-'et
1547 3150 1701 3220 satutare
1723 3147 1927 3222 remedium
1950 3151 2086 3220 caeteris

676 3294 699 3332 Δι
727 3268 1165 3365 omnibus'praeierebantt
1191 3257 1246 3337 »⁴³
1656 3284 1658 3295 ⁴
1725 3277 1728 3287 '

726 3396 906 3490 Nuperids
924 3397 1028 3466 Bern.
1048 3396 1182 3468 Gomes
1197 3399 1234 3468 in
1250 3396 1563 3469 observationibus
1580 3395 1923 3468 butanica-medicis
1942 3394 1987 3466 de
2004 3397 2087 3491 qui-

675 3516 834 3590 busdam
851 3519 1007 3590 Brasiiiar
1030 3517 1161 3616 plantis
1184 3520 1322 3617 (Mem,
1345 3519 1455 3599 acad.
1478 3520 1574 3590 Lisb.
1598 3521 1631 3590 3.
1661 3519 1722 3614 ι),
1742 3518 1786 3590 de
1804 3517 1872 3590 ha:
1894 3518 2084 3604 disseruit,

676 3644 764 3714 actis
778 3643 996 3740 quibusdam
1018 3619 1292 3742 experimentis
1319 3674 1333 3709 ι
1360 3645 1525 3724 Semina,
1546 3645 1686 3738 inquit,
1711 3642 1847 3740 absque
1865 3643 2084 3715 torminibus

684 3793 698 3829 ε
725 3779 788 3837 aut
803 3765 871 3838 alia
886 3767 1049 3840 moiertit
1061 3767 1295 3840 mediocriter
1312 3779 1458 3864 operata
1476 3785 1552 3836 esse
1567 3767 1737 3862 comperi.
1761 3765 1828 3840 ilic
1842 3780 1965 3837 tamen
1984 3763 2086 3840 dissi·

683 3917 696 3953 ι
724 3889 942 3960 mulaudum
962 3912 1037 3961 non
1053 3903 1107 3961 est
1124 3889 1218 3962 mihi
1236 3889 1354 3960 videre
1378 3889 1568 3982 contigisse
1585 3889 1754 3984 juvenem
1771 3891 1855 3984 qui,
1879 3889 1954 3961 duo
1974 3892 2083 3962 tuave

684 4042 697 4075 ι
724 4017 862 4085 semina
881 4027 1043 4086 recenter
1056 4013 1146 4086 lecta
1161 4011 1295 4098 edens,
1314 4012 1437 4112 posted
1456 4014 1612 4120 tormina
1630 4034 1756 4108 passus
1769 4024 1841 4093 cst;
1853 4010 1940 4084 hinc
1958 4026 2081 4083 tamen

682 4168 695 4202 ι
723 4137 813 4212 nihil
836 4136 954 4220 aliud,
977 4141 1046 4209 nisi
1070 4151 1211 4208 matura
1236 4113 1402 4218 tautdm,
1419 4123 1518 4209 'sicca
1536 4149 1572 4208 et
1586 4137 1722 4232 optime
1736 4147 1908 4210 contusa.
1929 4148 1969 4203 ut
1986 4135 2081 4206 benis

667 4293 694 4326 οι
721 4273 884 4346 vortant,
915 4259 1119 4332 exhibenda
1139 4245 1404 4336 esse'conuoto.
1433 4261 1496 4334 His
1515 4262 1585 4334 sub
1602 4259 1832 4334 cttutieuibns
1849 4273 1971 4332 tutum
1995 4283 2079 4332 rua·

681 4415 695 4450 ι
721 4393 999 4486 reque³sempcr
1012 4383 1083 4458 boc
1105 4387 1183 4458 iere
1201 4386 1404 4460 remedium
1421 4386 1579 4458 coutido.
1604 4381 1732 4458 Adhdc
1752 4383 1840 4480 quid
1859 4384 2081 4480 jucundius?

676 4541 694 4576 -ι
722 4513 806 4584 Haec
826 4516 966 4584 semina
980 4517 1073 4584 sicca
1093 4514 1455 4608 avellanassapiunt,
1473 4525 1691 4609 quapropter
1705 4533 1749 4582 ea
1767 4511 1987 4583 manducare
2004 4533 2079 4582 noo

671 4661 693 4700 -r
721 4633 1056 4722 tardathuenidm
1077 4641 1226 4736 insuper
1241 4639 1373 4710 odeum
1388 4650 1425 4710 et
1443 4637 1702 4733 mariagium
1724 4639 1763 4714 iu
1781 4647 1823 4710 ac
1844 4633 2074 4716 macutant,

684 4759 831 4836 miscite
847 4759 1139 4834 numeratus·
1155 4763 1194 4834 in
1223 4761 1465 4836 ammomum
1493 4763 1758 4856 aerumnosum
1779 4785 1789 4830 ι
1808 4759 1895 4856 quid
1912 4771 2008 4842 tuno
2031 4756 2075 4845 ad
