4752 6020
1317 641 1332 735 (
1359 666 1405 738 92
1433 641 1448 736 )

679 793 724 866 ad
742 797 838 888 ipsos
855 789 1091 887 purgandos,
1114 791 1385 886 porrexissent,
1406 791 1594 860 miserest
1619 793 1698 860 ritae
1723 784 1882 882 periculo
1904 805 1978 854 non
2003 803 2083 878 pro·

679 917 737 988 cul
764 913 933 986 abluisse.
962 909 973 936 '

1264 1053 1496 1102 utuntrtcnr.

609 1251 624 1330 J
730 1229 783 1305 H.
809 1227 985 1330 globosa,
1014 1227 1121 1298 arbor
1146 1228 1321 1322 eapensis.
1344 1267 1390 1278 -—
1409 1227 1580 1298 Lambert
1605 1229 1712 1298 refert
1738 1230 1897 1298 fructum
1917 1228 1994 1322 ejus
2011 1227 2088 1297 col-

680 1361 742 1454 ligi
760 1355 944 1451 redigique
962 1355 1000 1422 in
1017 1351 1203 1446 pulverem
1222 1373 1295 1444 quo
1313 1363 1528 1445 spargantur
1545 1354 1660 1421 ovinae
1691 1373 1841 1430 earnes,
1867 1351 1999 1446 quibus
2026 1373 2088 1422 co-

681 1483 825 1562 mestis,
853 1476 991 1570 hyaenae
1021 1475 1310 1556 interimuntur,
1342 1475 1442 1542 utin
1466 1477 1597 1544 nostris
1617 1473 1770 1546 urbibus
1791 1475 1811 1544 d
1831 1496 1924 1544 nuce
1950 1476 2087 1544 vomica

682 1627 790 1680 canes
808 1601 960 1674 erratici.

1308 1717 1468 1769 timum.

734 1901 772 1972 J.
795 1895 961 1969 maniiot
973 1947 987 1990 ,
1015 1895 1132 1966 frutex
1158 1895 1396 1964 americanus.
1413 1933 1463 1946 -
1479 1892 1598 1964 Radix
1627 1894 1705 1988 ejus
1733 1891 1919 1975 tuberosa,
1950 1911 2088 1984 magnae

686 2026 818 2107 molis,
839 2022 973 2120 quippi
999 2041 1080 2116 quae
1102 2017 1210 2088 libras
1237 2040 1352 2113 usque
1376 2020 1522 2111 triginta
1550 2016 1738 2112 pendens,
1762 2039 1871 2087 succo
1889 2015 2002 2087 lacteo
2018 2026 2092 2085 tur·

688 2166 747 2248 get
764 2150 1055 2222 venenatissimo.
1086 2175 1099 2208 t
1119 2145 1267 2214 Potatus
1284 2147 1385 2215 enim
1402 2144 1635 2216 vehementer
1652 2144 1754 2214 inflat
1776 2166 1906 2238 corpus
1923 2194 1933 2224 ,
1960 2143 2093 2212 ventri-

695 2305 709 2342 «
738 2275 864 2347 culum
890 2270 999 2342 afficit
1029 2267 1175 2350 dolore,
1194 2291 1278 2338 cum
1296 2281 1425 2351 ructu,
1452 2275 1584 2339 nauseat
1613 2283 1649 2339 et
1678 2282 1871 2338 tenesmo:
1891 2263 1978 2334 hinc
2007 2285 2092 2334 mox

696 2429 710 2466 ι
737 2399 833 2471 oculi
851 2394 1111 2474 obfuscantut3
1130 2394 1319 2484 vertigines
1336 2367 1573 2488 perpetuique
1591 2391 1732 2462 dolores
1751 2391 1876 2484 capitis
1893 2387 2091 2468 accedunt;

696 2553 710 2586 ι
737 2501 961 2614 tandemque
980 2530 1226 2588 extremorum
1245 2517 1382 2608 trigue,
1404 2519 1517 2588 animi
1535 2515 1739 2612 deliquium
1753 2525 1789 2585 et
1805 2515 1884 2608 ipsa
1901 2533 1999 2584 mors
2016 2535 2094 2582 suc·

697 2675 710 2710 ι
739 2639 880 2715 cedii.»
905 2638 999 2736 (Pis.
1021 2637 1109 2734 48.)

738 2767 792 2838 De
802 2767 902 2836 succi
916 2761 1026 2858 hujus
1041 2764 1075 2831 vi
1087 2743 1505 2836 memoranturdoctoris
1515 2765 1658 2834 Fermin
1672 2765 1918 2856 experimenta
1928 2757 2094 2854 quaedam

689 2896 729 2964 in
750 2885 991 2968 animalibus,
1019 2907 1120 2980 quae,
1147 2897 1231 2955 ante
1258 2884 1525 2968 semi-horam,
1555 2884 1633 2956 dosi
1653 2885 1796 2956 modica
1821 2883 1950 2955 hausu
1967 2933 1977 2965 ,
1997 2885 2097 2978 expi-

689 3018 821 3087 ravere.
854 3011 1106 3105 Symptomata
1130 3020 1253 3078 autem
1277 3021 1379 3078 erant
1402 3009 1448 3079 ad
1471 3009 1695 3081 vomendum
1713 3021 1865 3079 conatus
1882 3059 1892 3090 ‚
1912 3010 2094 3090 anxietas,

690 3138 887 3212 convulaivi
905 3147 1055 3215 motus,
1078 3133 1198 3201 salivae
1222 3134 1408 3227 urinaeque
1428 3147 1463 3202 et
1484 3134 1618 3204 iccium
1640 3136 1785 3228 eopiosa
1807 3135 1978 3202 excretio.
2002 3130 2094 3200 Cirm

690 3260 855 3360 ejusdem
881 3256 1045 3328 stillatitii
1075 3267 1185 3347 guttae
1219 3255 1264 3325 35
1297 3278 1419 3338 servo,
1449 3259 1564 3350 capite
1590 3268 1736 3354 propter
1763 3254 1927 3324 veneficii
1958 3256 2095 3324 crimen

691 3383 887 3461 damnato,
903 3381 1049 3468 ingestae
1062 3375 1241 3456 inissent,
1263 3375 1374 3446 subiti
1399 3375 1580 3459 ululatus,
1599 3377 1765 3447 violentae
1791 3377 1956 3470 corporis
1972 3373 2097 3446 distor-

693 3507 837 3578 siones‚
857 3497 1096 3590 dejectiones,
1115 3509 1196 3589 post
1214 3495 1394 3571 decimam
1407 3499 1551 3571 tantum
1565 3499 1662 3570 horae
1676 3513 1835 3593 partem,
1853 3521 1978 3570 mors:
1999 3497 2096 3568 nulla

693 3627 732 3696 in
750 3619 930 3692 intestinis
948 3617 1247 3690 inflammationis
1265 3621 1377 3713 signa.

744 3743 839 3814 Cum
866 3754 989 3811 autem
1020 3743 1056 3810 in
1087 3739 1156 3811 htc
1191 3739 1310 3813 radice
1339 3745 1499 3814 maxima
1528 3767 1609 3838 pars
1640 3744 1751 3838 amyli
1777 3748 1970 3816 misceatur
1997 3746 2099 3839 prin-

695 3869 788 3962 cipio
814 3867 872 3935 isti
896 3865 1049 3944 nocivo,
1075 3862 1145 3934 hoc
1168 3879 1291 3936 autem
1315 3865 1513 3938 admodum
1539 3867 1699 3950 volatile,
1725 3868 1779 3937 vel
1804 3869 1970 3940 ferventis
1997 3891 2096 3963 aqum

697 3989 814 4063 calore
845 3985 1062 4080 dissipetur,
1090 3988 1184 4055 inter
1210 3990 1336 4081 stirpes
1370 3987 1613 4059 alimentarias
1635 3987 1777 4060 homini
1804 3991 2013 4060 utilissimas
2034 3990 2099 4059 ad-

695 4122 933 4192 numeratur,
965 4109 1220 4204 frumentoque
1247 4114 1456 4206 equiparari
1477 4125 1605 4206 potest.
1632 4112 1758 4208 ltaque
1777 4111 1902 4182 radulti
1928 4113 2100 4207 redigitur

694 4239 733 4308 in
763 4233 975 4332 pulverem,
1012 4233 1101 4326 qui,
1125 4231 1225 4327 prelo
1249 4229 1455 4330 subjectus,
1481 4234 1597 4306 cribro
1627 4234 1757 4306 deinde
1790 4238 2034 4318 succernitur,
2064 4247 2098 4306 et

697 4363 790 4456 aqua
813 4357 909 4428 lotus
948 4355 1147 4448 imponitur
1176 4355 1321 4426 laminae
1356 4357 1500 4441 ferreae,
1527 4359 1587 4430 cui
1617 4359 1806 4453 subjicitur
1835 4361 1938 4453 ignis.
1972 4361 2098 4429 Farina

695 4483 746 4552 sic
773 4491 897 4574 parata
920 4478 1065 4544 ntanioc
1090 4491 1263 4564 vocatur,
1295 4493 1379 4564 aut,
1407 4484 1436 4552 si
1462 4505 1506 4550 ex
1534 4481 1753 4573 agglutinata
1778 4483 1954 4577 placentae
1981 4483 2095 4564 fiant,

695 4603 799 4698 panis
817 4603 966 4670 cassavi.
986 4597 1086 4694 Aqua
1115 4613 1235 4672 autem
1255 4607 1324 4697 qud
1350 4602 1465 4696 pultis
1484 4601 1621 4672 lavatur
1638 4603 1795 4676 seculum
1813 4604 1960 4699 deponit
1980 4607 2098 4698 puris-

697 4725 844 4804 simam,
863 4744 943 4817 quae
969 4720 1076 4815 vulgd
1094 4719 1252 4817 taptoka.
1284 4723 1426 4794 Minuta
1443 4720 1554 4818 hujus
1572 4724 1715 4798 labricae
1743 4724 1956 4823 descriptio,
1981 4729 2098 4799 variae·
